<?xml version="1.0" encoding="UTF-8"?>
<!DOCTYPE html PUBLIC "-//W3C//DTD XHTML 1.0 Transitional//EN"
    "http://www.w3.org/TR/xhtml1/DTD/xhtml1-transitional.dtd">
<html xmlns="http://www.w3.org/1999/xhtml" xml:lang="en" lang="en">
 <head>
  <title>
</title>
<meta http-equiv="Content-Type" content="text/html;charset=utf-8" />
  <meta name='ocr-system' content='tesseract 3.04.00' />
  <meta name='ocr-capabilities' content='ocr_page ocr_carea ocr_par ocr_line ocrx_word'/>
</head>
<body>
  <div class='ocr_page' id='page_1' title='image "./operaquaesupersu24melauoft_0325.png"; bbox 0 0 2324 2958; ppageno 0'>
   <div class='ocr_carea' id='block_1_1' title="bbox 71 190 2062 233">
    <p class='ocr_par' dir='ltr' id='par_1_1' title="bbox 71 190 2062 233">
     <span class='ocr_line' id='line_1_1' title="bbox 71 190 2062 233; baseline 0.001 -7"><span class='ocrx_word' id='word_1_1' title='bbox 71 199 135 233; x_wconf 70' lang='lat'>597</span> <span class='ocrx_word' id='word_1_2' title='bbox 337 190 347 197; x_wconf 64' lang='grc'><strong>“</strong></span> <span class='ocrx_word' id='word_1_3' title='bbox 747 193 960 228; x_wconf 71' lang='lat' dir='ltr'><strong>POSfflA</strong></span> <span class='ocrx_word' id='word_1_4' title='bbox 992 192 1344 226; x_wconf 74' lang='lat' dir='ltr'><strong>MELANTHOMAN</strong></span> <span class='ocrx_word' id='word_1_5' title='bbox 1346 193 1386 226; x_wconf 84' lang='lat' dir='ltr'>A.</span> <span class='ocrx_word' id='word_1_6' title='bbox 1997 194 2062 227; x_wconf 77' lang='lat' dir='ltr'>59ss</span> 
     </span>
    </p>
   </div>
   <div class='ocr_carea' id='block_1_2' title="bbox 71 285 2061 880">
    <p class='ocr_par' dir='ltr' id='par_1_2' title="bbox 73 285 2061 589">
     <span class='ocr_line' id='line_1_2' title="bbox 96 285 2060 331; baseline -0.004 -6"><span class='ocrx_word' id='word_1_7' title='bbox 96 291 229 326; x_wconf 81' lang='lat' dir='ltr'>uantum</span> <span class='ocrx_word' id='word_1_8' title='bbox 253 293 281 323; x_wconf 87' lang='lat' dir='ltr'>si</span> <span class='ocrx_word' id='word_1_9' title='bbox 304 290 424 323; x_wconf 66' lang='lat' dir='ltr'>sinouli</span> <span class='ocrx_word' id='word_1_10' title='bbox 441 288 530 322; x_wconf 81' lang='lat' dir='ltr'>vituli</span> <span class='ocrx_word' id='word_1_11' title='bbox 553 299 613 331; x_wconf 87' lang='lat' dir='ltr'>pro</span> <span class='ocrx_word' id='word_1_12' title='bbox 638 286 779 329; x_wconf 84' lang='lat' dir='ltr'>singulis</span> <span class='ocrx_word' id='word_1_13' title='bbox 807 292 1038 318; x_wconf 77' lang='lat' dir='ltr'><strong>mactarentur.</strong></span> <span class='ocrx_word' id='word_1_14' title='bbox 1175 287 1232 319; x_wconf 83' lang='lat' dir='ltr'>Sic</span> <span class='ocrx_word' id='word_1_15' title='bbox 1260 287 1359 329; x_wconf 84' lang='lat' dir='ltr'>igitur</span> <span class='ocrx_word' id='word_1_16' title='bbox 1388 285 1598 329; x_wconf 84' lang='lat' dir='ltr'>lerosolymis</span> <span class='ocrx_word' id='word_1_17' title='bbox 1627 288 1660 318; x_wconf 87' lang='lat' dir='ltr'>in</span> <span class='ocrx_word' id='word_1_18' title='bbox 1695 285 1833 327; x_wconf 85' lang='lat' dir='ltr'>templo,</span> <span class='ocrx_word' id='word_1_19' title='bbox 1867 297 1940 318; x_wconf 89' lang='lat' dir='ltr'>cum</span> <span class='ocrx_word' id='word_1_20' title='bbox 1967 285 2060 318; x_wconf 82' lang='lat' dir='ltr'>multi</span> 
     </span>
     <span class='ocr_line' id='line_1_3' title="bbox 73 305 2061 376; baseline -0.004 -8"><span class='ocrx_word' id='word_1_21' title='bbox 73 305 268 376; x_wconf 44' lang='lat' dir='ltr'>atrobique.</span> <span class='ocrx_word' id='word_1_22' title='bbox 290 335 336 374; x_wconf 87' lang='lat' dir='ltr'>(id</span> <span class='ocrx_word' id='word_1_23' title='bbox 355 317 422 372; x_wconf 63' lang='lat' dir='ltr'>=est,</span> <span class='ocrx_word' id='word_1_24' title='bbox 451 333 484 364; x_wconf 88' lang='lat' dir='ltr'>in</span> <span class='ocrx_word' id='word_1_25' title='bbox 505 332 629 373; x_wconf 81' lang='lat' dir='ltr'>Papatu</span> <span class='ocrx_word' id='word_1_26' title='bbox 658 336 691 361; x_wconf 84' lang='lat' dir='ltr'>et</span> <span class='ocrx_word' id='word_1_27' title='bbox 712 329 892 364; x_wconf 78' lang='lat' dir='ltr'>ludaismo)</span> <span class='ocrx_word' id='word_1_28' title='bbox 915 330 1040 360; x_wconf 85' lang='lat' dir='ltr'>obtine-</span> <span class='ocrx_word' id='word_1_29' title='bbox 1064 352 1065 364; x_wconf 39' lang='grc'>]</span> <span class='ocrx_word' id='word_1_30' title='bbox 1091 329 1239 362; x_wconf 85' lang='lat' dir='ltr'>venirent</span> <span class='ocrx_word' id='word_1_31' title='bbox 1261 339 1301 360; x_wconf 87' lang='lat' dir='ltr'>ex</span> <span class='ocrx_word' id='word_1_32' title='bbox 1324 328 1477 366; x_wconf 85' lang='lat' dir='ltr'>Oriente,</span> <span class='ocrx_word' id='word_1_33' title='bbox 1503 330 1670 371; x_wconf 82' lang='lat' dir='ltr'>Aegypto,</span> <span class='ocrx_word' id='word_1_34' title='bbox 1698 329 1840 368; x_wconf 83' lang='lat' dir='ltr'>Arabia,</span> <span class='ocrx_word' id='word_1_35' title='bbox 1876 329 2061 371; x_wconf 77' lang='lat' dir='ltr'>Cyrenaica</span> 
     </span>
     <span class='ocr_line' id='line_1_4' title="bbox 73 367 2060 418; baseline -0.004 -8"><span class='ocrx_word' id='word_1_36' title='bbox 73 380 131 411; x_wconf 87' lang='lat' dir='ltr'>bat</span> <span class='ocrx_word' id='word_1_37' title='bbox 152 376 208 409; x_wconf 80' lang='lat' dir='ltr'>illa</span> <span class='ocrx_word' id='word_1_38' title='bbox 230 367 352 418; x_wconf 79' lang='lat' dir='ltr'>opinio,</span> <span class='ocrx_word' id='word_1_39' title='bbox 385 376 473 418; x_wconf 85' lang='lat' dir='ltr'>quod</span> <span class='ocrx_word' id='word_1_40' title='bbox 496 384 597 416; x_wconf 85' lang='lat' dir='ltr'>opera</span> <span class='ocrx_word' id='word_1_41' title='bbox 619 374 683 404; x_wconf 90' lang='lat' dir='ltr'>ista</span> <span class='ocrx_word' id='word_1_42' title='bbox 706 371 854 403; x_wconf 78' lang='lat' dir='ltr'>valerent</span> <span class='ocrx_word' id='word_1_43' title='bbox 875 381 916 402; x_wconf 81' lang='lat' dir='ltr'>ex</span> <span class='ocrx_word' id='word_1_44' title='bbox 939 381 1039 412; x_wconf 83' lang='lat' dir='ltr'>opere</span> <span class='ocrx_word' id='word_1_45' title='bbox 1064 404 1065 408; x_wconf 52' lang='grc'>,</span> <span class='ocrx_word' id='word_1_46' title='bbox 1092 373 1237 414; x_wconf 78' lang='lat' dir='ltr'>regione,</span> <span class='ocrx_word' id='word_1_47' title='bbox 1268 377 1299 402; x_wconf 93' lang='lat' dir='ltr'>et</span> <span class='ocrx_word' id='word_1_48' title='bbox 1321 370 1394 403; x_wconf 85' lang='lat' dir='ltr'>aliis</span> <span class='ocrx_word' id='word_1_49' title='bbox 1418 371 1503 402; x_wconf 87' lang='lat' dir='ltr'>locis</span> <span class='ocrx_word' id='word_1_50' title='bbox 1526 370 1641 412; x_wconf 89' lang='lat' dir='ltr'>procul</span> <span class='ocrx_word' id='word_1_51' title='bbox 1665 372 1806 409; x_wconf 78' lang='lat' dir='ltr'>dissitis,</span> <span class='ocrx_word' id='word_1_52' title='bbox 1841 378 1873 403; x_wconf 88' lang='lat' dir='ltr'>et</span> <span class='ocrx_word' id='word_1_53' title='bbox 1902 372 2060 403; x_wconf 73' lang='lat' dir='ltr'>haberent</span> 
     </span>
     <span class='ocr_line' id='line_1_5' title="bbox 74 412 2060 462; baseline -0.003 -11"><span class='ocrx_word' id='word_1_54' title='bbox 74 427 228 462; x_wconf 54' lang='lat' dir='ltr'>operato}</span> <span class='ocrx_word' id='word_1_55' title='bbox 260 420 291 450; x_wconf 87' lang='lat' dir='ltr'>itl</span> <span class='ocrx_word' id='word_1_56' title='bbox 310 425 379 457; x_wconf 87' lang='lat' dir='ltr'>est,</span> <span class='ocrx_word' id='word_1_57' title='bbox 411 418 586 459; x_wconf 83' lang='lat' dir='ltr'>putabatur</span> <span class='ocrx_word' id='word_1_58' title='bbox 612 416 718 457; x_wconf 85' lang='lat' dir='ltr'>ipsum</span> <span class='ocrx_word' id='word_1_59' title='bbox 743 424 826 454; x_wconf 87' lang='lat' dir='ltr'>opus</span> <span class='ocrx_word' id='word_1_60' title='bbox 850 423 925 444; x_wconf 89' lang='lat' dir='ltr'>esse</span> <span class='ocrx_word' id='word_1_61' title='bbox 948 414 1040 444; x_wconf 91' lang='lat' dir='ltr'>meri-</span> <span class='ocrx_word' id='word_1_62' title='bbox 1063 437 1065 449; x_wconf 87' lang='lat'><em>.</em></span> <span class='ocrx_word' id='word_1_63' title='bbox 1092 415 1255 446; x_wconf 87' lang='lat' dir='ltr'>diversam</span> <span class='ocrx_word' id='word_1_64' title='bbox 1277 415 1460 455; x_wconf 86' lang='lat' dir='ltr'>pecuniam,</span> <span class='ocrx_word' id='word_1_65' title='bbox 1489 420 1582 445; x_wconf 88' lang='lat' dir='ltr'>erant</span> <span class='ocrx_word' id='word_1_66' title='bbox 1611 414 1654 444; x_wconf 90' lang='lat' dir='ltr'>ibi</span> <span class='ocrx_word' id='word_1_67' title='bbox 1678 412 1886 455; x_wconf 72' lang='lat' dir='ltr'>collybistae,</span> <span class='ocrx_word' id='word_1_68' title='bbox 1914 415 1970 456; x_wconf 88' lang='lat' dir='ltr'>qui</span> <span class='ocrx_word' id='word_1_69' title='bbox 1991 425 2060 446; x_wconf 89' lang='lat' dir='ltr'>mu-</span> 
     </span>
     <span class='ocr_line' id='line_1_6' title="bbox 73 454 2059 499; baseline -0.003 -5"><span class='ocrx_word' id='word_1_70' title='bbox 73 463 200 495; x_wconf 86' lang='lat' dir='ltr'>torium.</span> <span class='ocrx_word' id='word_1_71' title='bbox 255 461 322 493; x_wconf 84' lang='lat' dir='ltr'>Sed</span> <span class='ocrx_word' id='word_1_72' title='bbox 356 462 387 491; x_wconf 91' lang='lat' dir='ltr'>in</span> <span class='ocrx_word' id='word_1_73' title='bbox 409 461 514 492; x_wconf 74' lang='lat' dir='ltr'>Missa</span> <span class='ocrx_word' id='word_1_74' title='bbox 547 459 708 499; x_wconf 73' lang='lat' dir='ltr'>papistica</span> <span class='ocrx_word' id='word_1_75' title='bbox 735 456 844 488; x_wconf 87' lang='lat' dir='ltr'>adhuc</span> <span class='ocrx_word' id='word_1_76' title='bbox 862 456 965 486; x_wconf 86' lang='lat' dir='ltr'>maior</span> <span class='ocrx_word' id='word_1_77' title='bbox 988 462 1040 487; x_wconf 85' lang='lat' dir='ltr'>est</span> <span class='ocrx_word' id='word_1_78' title='bbox 1064 454 1065 477; x_wconf 50' lang='grc' dir='ltr'><em>ἕ</em></span> <span class='ocrx_word' id='word_1_79' title='bbox 1091 459 1204 489; x_wconf 88' lang='lat' dir='ltr'>tabant</span> <span class='ocrx_word' id='word_1_80' title='bbox 1239 457 1410 498; x_wconf 79' lang='lat' dir='ltr'>pecuniam</span> <span class='ocrx_word' id='word_1_81' title='bbox 1453 466 1526 487; x_wconf 88' lang='lat' dir='ltr'>cum</span> <span class='ocrx_word' id='word_1_82' title='bbox 1563 466 1624 487; x_wconf 88' lang='lat' dir='ltr'>suo</span> <span class='ocrx_word' id='word_1_83' title='bbox 1661 462 1810 496; x_wconf 82' lang='lat' dir='ltr'>quaestu.</span> <span class='ocrx_word' id='word_1_84' title='bbox 1875 457 1959 488; x_wconf 90' lang='lat' dir='ltr'>Nam</span> <span class='ocrx_word' id='word_1_85' title='bbox 1993 456 2059 488; x_wconf 80' lang='lat' dir='ltr'>illis</span> 
     </span>
     <span class='ocr_line' id='line_1_7' title="bbox 73 499 1999 544; baseline -0.003 -7"><span class='ocrx_word' id='word_1_86' title='bbox 73 503 276 540; x_wconf 82' lang='lat' dir='ltr'>idololatria3</span> <span class='ocrx_word' id='word_1_87' title='bbox 305 503 379 544; x_wconf 89' lang='lat' dir='ltr'>quia</span> <span class='ocrx_word' id='word_1_88' title='bbox 414 503 450 534; x_wconf 80' lang='lat' dir='ltr'>tit</span> <span class='ocrx_word' id='word_1_89' title='bbox 473 503 504 533; x_wconf 90' lang='lat' dir='ltr'>in</span> <span class='ocrx_word' id='word_1_90' title='bbox 534 511 573 532; x_wconf 89' lang='lat' dir='ltr'>ea</span> <span class='ocrx_word' id='word_1_91' title='bbox 601 499 750 532; x_wconf 89' lang='lat' dir='ltr'>adoratio</span> <span class='ocrx_word' id='word_1_92' title='bbox 783 508 936 540; x_wconf 86' lang='lat' dir='ltr'>pugnans</span> <span class='ocrx_word' id='word_1_93' title='bbox 965 508 1039 530; x_wconf 90' lang='lat' dir='ltr'>cum</span> <span class='ocrx_word' id='word_1_94' title='bbox 1092 510 1175 541; x_wconf 88' lang='lat' dir='ltr'>opus</span> <span class='ocrx_word' id='word_1_95' title='bbox 1200 506 1269 531; x_wconf 88' lang='lat' dir='ltr'>erat</span> <span class='ocrx_word' id='word_1_96' title='bbox 1292 500 1415 530; x_wconf 88' lang='lat' dir='ltr'>usitata</span> <span class='ocrx_word' id='word_1_97' title='bbox 1438 499 1577 539; x_wconf 87' lang='lat' dir='ltr'>pecunia</span> <span class='ocrx_word' id='word_1_98' title='bbox 1594 499 1638 529; x_wconf 85' lang='lat' dir='ltr'>ad</span> <span class='ocrx_word' id='word_1_99' title='bbox 1662 499 1816 529; x_wconf 81' lang='lat' dir='ltr'>emendas</span> <span class='ocrx_word' id='word_1_100' title='bbox 1841 499 1999 531; x_wconf 81' lang='lat' dir='ltr'>victimas.</span> 
     </span>
     <span class='ocr_line' id='line_1_8' title="bbox 73 543 872 589; baseline -0.009 -10"><span class='ocrx_word' id='word_1_101' title='bbox 73 545 263 589; x_wconf 74' lang='lat' dir='ltr'>praecepto:</span> <span class='ocrx_word' id='word_1_102' title='bbox 286 548 456 577; x_wconf 82' lang='lat' dir='ltr'>Dominum</span> <span class='ocrx_word' id='word_1_103' title='bbox 478 547 580 576; x_wconf 83' lang='lat' dir='ltr'>Deum</span> <span class='ocrx_word' id='word_1_104' title='bbox 601 548 690 575; x_wconf 85' lang='lat' dir='ltr'>tuum</span> <span class='ocrx_word' id='word_1_105' title='bbox 711 543 872 573; x_wconf 73' lang='lat' dir='ltr'><em>adorabis.</em></span> 
     </span>
    </p>

    <p class='ocr_par' dir='ltr' id='par_1_3' title="bbox 71 583 2059 880">
     <span class='ocr_line' id='line_1_9' title="bbox 159 583 1038 628; baseline -0.007 -9"><span class='ocrx_word' id='word_1_106' title='bbox 159 589 317 619; x_wconf 79' lang='lat' dir='ltr'>Omnibus</span> <span class='ocrx_word' id='word_1_107' title='bbox 351 587 550 628; x_wconf 78' lang='lat' dir='ltr'><strong>temporibus</strong></span> <span class='ocrx_word' id='word_1_108' title='bbox 583 583 746 616; x_wconf 87' lang='lat' dir='ltr'>Diabolus</span> <span class='ocrx_word' id='word_1_109' title='bbox 780 583 903 615; x_wconf 76' lang='lat' dir='ltr'>invenit</span> <span class='ocrx_word' id='word_1_110' title='bbox 940 593 1038 624; x_wconf 91' lang='lat' dir='ltr'>quae-</span> 
     </span>
     <span class='ocr_line' id='line_1_10' title="bbox 71 625 1723 671; baseline -0.007 -9"><span class='ocrx_word' id='word_1_111' title='bbox 71 637 144 663; x_wconf 81' lang='lat' dir='ltr'>stus</span> <span class='ocrx_word' id='word_1_112' title='bbox 178 639 218 661; x_wconf 78' lang='lat' dir='ltr'>ex</span> <span class='ocrx_word' id='word_1_113' title='bbox 242 629 399 661; x_wconf 67' lang='lat' dir='ltr'>reliwione</span> <span class='ocrx_word' id='word_1_114' title='bbox 421 631 611 670; x_wconf 83' lang='lat' dir='ltr'>depravata,</span> <span class='ocrx_word' id='word_1_115' title='bbox 646 634 677 658; x_wconf 89' lang='lat' dir='ltr'>et</span> <span class='ocrx_word' id='word_1_116' title='bbox 701 625 820 657; x_wconf 85' lang='lat' dir='ltr'>multas</span> <span class='ocrx_word' id='word_1_117' title='bbox 843 626 1038 667; x_wconf 86' lang='lat' dir='ltr'>praestigias</span> <span class='ocrx_word' id='word_1_118' title='bbox 1062 644 1065 663; x_wconf 67' lang='lat'><em>3</em></span> <span class='ocrx_word' id='word_1_119' title='bbox 1344 664 1351 671; x_wconf 45' lang='lat'><strong>·</strong></span> <span class='ocrx_word' id='word_1_120' title='bbox 1497 663 1504 670; x_wconf 38' lang='grc' dir='ltr'>ι</span> <span class='ocrx_word' id='word_1_121' title='bbox 1666 663 1686 671; x_wconf 92' lang='lat'>..</span> <span class='ocrx_word' id='word_1_122' title='bbox 1717 664 1723 670; x_wconf 42' lang='lat'>¹</span> 
     </span>
     <span class='ocr_line' id='line_1_11' title="bbox 71 657 2059 718; baseline -0.007 -14"><span class='ocrx_word' id='word_1_123' title='bbox 71 673 227 705; x_wconf 71' lang='lat' dir='ltr'>avaritiae</span> <span class='ocrx_word' id='word_1_124' title='bbox 247 657 419 714; x_wconf 52' lang='lat' dir='ltr'>exceogitat.</span> <span class='ocrx_word' id='word_1_125' title='bbox 455 672 526 712; x_wconf 85' lang='lat' dir='ltr'>Ego</span> <span class='ocrx_word' id='word_1_126' title='bbox 550 680 616 701; x_wconf 89' lang='grc'><strong>1100</strong></span> <span class='ocrx_word' id='word_1_127' title='bbox 640 670 740 701; x_wconf 86' lang='lat' dir='ltr'>credo</span> <span class='ocrx_word' id='word_1_128' title='bbox 763 670 917 700; x_wconf 88' lang='lat' dir='ltr'>maiorem</span> <span class='ocrx_word' id='word_1_129' title='bbox 941 678 1038 717; x_wconf 72' lang='lat' dir='ltr'>quae-</span> <span class='ocrx_word' id='word_1_130' title='bbox 1063 669 1065 702; x_wconf 66' lang='grc' dir='ltr'><em>ἷ</em></span> <span class='ocrx_word' id='word_1_131' title='bbox 1090 664 1161 703; x_wconf 79' lang='lat' dir='ltr'>An</span> <span class='ocrx_word' id='word_1_132' title='bbox 1198 670 1373 718; x_wconf 70' lang='lat' dir='ltr'>peceant,</span> <span class='ocrx_word' id='word_1_133' title='bbox 1411 662 1592 704; x_wconf 71' lang='lat' dir='ltr'>Chrlstus</span> <span class='ocrx_word' id='word_1_134' title='bbox 1639 678 1798 703; x_wconf 60' lang='lat' dir='ltr'>(ulmeus</span> <span class='ocrx_word' id='word_1_135' title='bbox 1837 670 2059 704; x_wconf 55' lang='lat' dir='ltr'>mercantes</span> 
     </span>
     <span class='ocr_line' id='line_1_12' title="bbox 71 712 1065 754; baseline -0.007 -7"><span class='ocrx_word' id='word_1_136' title='bbox 71 722 158 747; x_wconf 83' lang='lat' dir='ltr'>stum</span> <span class='ocrx_word' id='word_1_137' title='bbox 180 725 258 747; x_wconf 86' lang='lat' dir='ltr'>esse</span> <span class='ocrx_word' id='word_1_138' title='bbox 279 717 312 745; x_wconf 89' lang='lat' dir='ltr'>in</span> <span class='ocrx_word' id='word_1_139' title='bbox 335 715 466 752; x_wconf 86' lang='lat' dir='ltr'>mundo,</span> <span class='ocrx_word' id='word_1_140' title='bbox 490 723 587 754; x_wconf 88' lang='lat' dir='ltr'>quam</span> <span class='ocrx_word' id='word_1_141' title='bbox 610 713 665 753; x_wconf 87' lang='lat' dir='ltr'>qui</span> <span class='ocrx_word' id='word_1_142' title='bbox 687 717 739 742; x_wconf 82' lang='lat' dir='ltr'>est</span> <span class='ocrx_word' id='word_1_143' title='bbox 762 721 801 742; x_wconf 84' lang='lat' dir='ltr'>ex</span> <span class='ocrx_word' id='word_1_144' title='bbox 824 712 942 747; x_wconf 58' lang='lat' dir='ltr'>missa,</span> <span class='ocrx_word' id='word_1_145' title='bbox 964 716 1038 741; x_wconf 78' lang='lat' dir='ltr'>item</span> <span class='ocrx_word' id='word_1_146' title='bbox 1063 723 1065 748; x_wconf 70' lang='grc' dir='ltr'>Ι</span> 
     </span>
     <span class='ocr_line' id='line_1_13' title="bbox 72 740 1696 796; baseline -0.007 -7"><span class='ocrx_word' id='word_1_147' title='bbox 72 769 112 790; x_wconf 61' lang='grc' dir='ltr'>ω</span> <span class='ocrx_word' id='word_1_148' title='bbox 146 758 353 789; x_wconf 80' lang='lat' dir='ltr'>invocatione</span> <span class='ocrx_word' id='word_1_149' title='bbox 389 762 589 787; x_wconf 81' lang='lat' dir='ltr'>sanctorum.</span> <span class='ocrx_word' id='word_1_150' title='bbox 647 754 771 796; x_wconf 84' lang='lat' dir='ltr'>Ungari</span> <span class='ocrx_word' id='word_1_151' title='bbox 805 760 880 784; x_wconf 83' lang='lat' dir='ltr'>ante</span> <span class='ocrx_word' id='word_1_152' title='bbox 913 759 1065 795; x_wconf 60' lang='lat' dir='ltr'>paucos]</span> <span class='ocrx_word' id='word_1_153' title='bbox 1451 754 1503 779; x_wconf 75' lang='grc' dir='ltr'>ΕΧ</span> <span class='ocrx_word' id='word_1_154' title='bbox 1534 740 1696 794; x_wconf 79' lang='lat' dir='ltr'>templo.</span> 
     </span>
     <span class='ocr_line' id='line_1_14' title="bbox 71 796 1065 880; baseline -0.007 -49"><span class='ocrx_word' id='word_1_155' title='bbox 71 810 178 832; x_wconf 75' lang='lat' dir='ltr'>annos</span> <span class='ocrx_word' id='word_1_156' title='bbox 211 800 387 831; x_wconf 80' lang='lat' dir='ltr'>currebant</span> <span class='ocrx_word' id='word_1_157' title='bbox 419 800 450 829; x_wconf 94' lang='lat' dir='ltr'>in</span> <span class='ocrx_word' id='word_1_158' title='bbox 472 796 623 838; x_wconf 81' lang='lat' dir='ltr'>Belgium</span> <span class='ocrx_word' id='word_1_159' title='bbox 656 797 698 827; x_wconf 90' lang='lat' dir='ltr'>ad</span> <span class='ocrx_word' id='word_1_160' title='bbox 732 803 881 827; x_wconf 83' lang='lat' dir='ltr'>sanctam</span> <span class='ocrx_word' id='word_1_161' title='bbox 909 796 1065 880; x_wconf 56' lang='lat' dir='ltr'>Annam}</span> 
     </span>
    </p>
   </div>
   <div class='ocr_carea' id='block_1_3' title="bbox 72 836 1484 882">
    <p class='ocr_par' dir='ltr' id='par_1_4' title="bbox 72 836 1484 882">
     <span class='ocr_line' id='line_1_15' title="bbox 72 836 1484 882; baseline -0.004 -8"><span class='ocrx_word' id='word_1_162' title='bbox 72 849 104 876; x_wconf 85' lang='lat' dir='ltr'>et</span> <span class='ocrx_word' id='word_1_163' title='bbox 128 841 253 874; x_wconf 69' lang='lat' dir='ltr'>canoas</span> <span class='ocrx_word' id='word_1_164' title='bbox 276 840 404 882; x_wconf 88' lang='lat' dir='ltr'>loseph.</span> <span class='ocrx_word' id='word_1_165' title='bbox 449 840 643 871; x_wconf 77' lang='lat' dir='ltr'>Afferebant</span> <span class='ocrx_word' id='word_1_166' title='bbox 665 849 776 870; x_wconf 81' lang='lat' dir='ltr'>secum</span> <span class='ocrx_word' id='word_1_167' title='bbox 805 836 936 869; x_wconf 87' lang='lat' dir='ltr'>loculos</span> <span class='ocrx_word' id='word_1_168' title='bbox 959 837 1038 868; x_wconf 87' lang='lat' dir='ltr'>seri-</span> <span class='ocrx_word' id='word_1_169' title='bbox 1175 839 1232 870; x_wconf 89' lang='lat' dir='ltr'>Sic</span> <span class='ocrx_word' id='word_1_170' title='bbox 1254 843 1484 880; x_wconf 80' lang='lat' dir='ltr'>argumentor:</span> 
     </span>
    </p>
   </div>
   <div class='ocr_carea' id='block_1_4' title="bbox 67 880 2061 1138">
    <p class='ocr_par' dir='ltr' id='par_1_5' title="bbox 72 880 1941 939">
     <span class='ocr_line' id='line_1_16' title="bbox 72 880 1941 939; baseline -0.003 -4"><span class='ocrx_word' id='word_1_171' title='bbox 72 895 150 935; x_wconf 49' lang='lat'>⁰⁰5⁵</span> <span class='ocrx_word' id='word_1_172' title='bbox 182 896 203 925; x_wconf 73' lang='grc' dir='ltr'>Ρ</span> <span class='ocrx_word' id='word_1_173' title='bbox 218 894 300 915; x_wconf 68' lang='lat' dir='ltr'>enos</span> <span class='ocrx_word' id='word_1_174' title='bbox 332 883 442 914; x_wconf 55' lang='lat' dir='ltr'>aureis</span> <span class='ocrx_word' id='word_1_175' title='bbox 464 882 650 924; x_wconf 61' lang='lat' dir='ltr'>UngariCiS&#39;</span> <span class='ocrx_word' id='word_1_176' title='bbox 706 880 781 912; x_wconf 74' lang='lat' dir='ltr'><strong>¹d⁰⁰</strong></span> <span class='ocrx_word' id='word_1_177' title='bbox 817 881 956 911; x_wconf 60' lang='lat' dir='ltr'>dabatur</span> <span class='ocrx_word' id='word_1_178' title='bbox 989 881 1037 911; x_wconf 67' lang='lat' dir='ltr'>eis</span> <span class='ocrx_word' id='word_1_179' title='bbox 1221 899 1431 930; x_wconf 78' lang='lat' dir='ltr'>Concionator</span> <span class='ocrx_word' id='word_1_180' title='bbox 1452 907 1515 929; x_wconf 82' lang='lat' dir='ltr'>mm</span> <span class='ocrx_word' id='word_1_181' title='bbox 1539 898 1633 929; x_wconf 80' lang='lat' dir='ltr'>debet</span> <span class='ocrx_word' id='word_1_182' title='bbox 1651 901 1699 930; x_wconf 78' lang='lat' dir='ltr'>uti</span> <span class='ocrx_word' id='word_1_183' title='bbox 1719 899 1752 930; x_wconf 81' lang='lat' dir='ltr'>vi</span> <span class='ocrx_word' id='word_1_184' title='bbox 1770 900 1941 939; x_wconf 75' lang='lat' dir='ltr'>corporali.</span> 
     </span>
    </p>

    <p class='ocr_par' dir='ltr' id='par_1_6' title="bbox 69 924 2061 1025">
     <span class='ocr_line' id='line_1_17' title="bbox 69 924 2059 981; baseline -0.003 -4"><span class='ocrx_word' id='word_1_185' title='bbox 69 937 192 969; x_wconf 63' lang='lat' dir='ltr'>prunus</span> <span class='ocrx_word' id='word_1_186' title='bbox 210 925 317 976; x_wconf 60' lang='lat' dir='ltr'>¹⁰⁰.¹²S’</span> <span class='ocrx_word' id='word_1_187' title='bbox 340 932 374 956; x_wconf 61' lang='grc' dir='ltr'>ιη</span> <span class='ocrx_word' id='word_1_188' title='bbox 397 933 429 956; x_wconf 87' lang='lat' dir='ltr'>et</span> <span class='ocrx_word' id='word_1_189' title='bbox 451 925 577 956; x_wconf 67' lang='lat' dir='ltr'><strong>R⁰¹¹¹a⁰</strong></span> <span class='ocrx_word' id='word_1_190' title='bbox 595 925 635 956; x_wconf 62' lang='lat' dir='ltr'>ad</span> <span class='ocrx_word' id='word_1_191' title='bbox 660 924 696 955; x_wconf 80' lang='lat' dir='ltr'>S·</span> <span class='ocrx_word' id='word_1_192' title='bbox 720 924 863 973; x_wconf 62' lang='lat' dir='ltr'>Petrum:</span> <span class='ocrx_word' id='word_1_193' title='bbox 928 959 931 961; x_wconf 92' lang='lat'><em>-</em></span> <span class='ocrx_word' id='word_1_194' title='bbox 1222 940 1368 973; x_wconf 70' lang='lat' dir='ltr'>Christus</span> <span class='ocrx_word' id='word_1_195' title='bbox 1390 942 1515 981; x_wconf 69' lang='lat' dir='ltr'>expulit</span> <span class='ocrx_word' id='word_1_196' title='bbox 1535 942 1706 972; x_wconf 79' lang='lat' dir='ltr'>vendentes</span> <span class='ocrx_word' id='word_1_197' title='bbox 1729 946 1760 972; x_wconf 84' lang='lat' dir='ltr'>el</span> <span class='ocrx_word' id='word_1_198' title='bbox 1781 946 1942 973; x_wconf 75' lang='lat' dir='ltr'>ementes:</span> <span class='ocrx_word' id='word_1_199' title='bbox 1964 942 2059 974; x_wconf 80' lang='lat' dir='ltr'>Item:</span> 
     </span>
     <span class='ocr_line' id='line_1_18' title="bbox 155 966 2061 1025; baseline -0.001 -7"><span class='ocrx_word' id='word_1_200' title='bbox 155 968 284 1006; x_wconf 49' lang='lat' dir='ltr'>“mdiv&#39;’</span> <span class='ocrx_word' id='word_1_201' title='bbox 319 966 522 1008; x_wconf 83' lang='lat' dir='ltr'>praefectum</span> <span class='ocrx_word' id='word_1_202' title='bbox 553 968 743 1009; x_wconf 87' lang='lat' dir='ltr'>Aquensem</span> <span class='ocrx_word' id='word_1_203' title='bbox 767 966 922 1015; x_wconf 73' lang='lat' dir='ltr'>habuisse</span> <span class='ocrx_word' id='word_1_204' title='bbox 945 970 1037 1006; x_wconf 62' lang='lat' dir='ltr'>‘lum&#39;</span> <span class='ocrx_word' id='word_1_205' title='bbox 1261 987 1375 1014; x_wconf 67' lang='lat' dir='ltr'>evertit</span> <span class='ocrx_word' id='word_1_206' title='bbox 1393 993 1524 1015; x_wconf 70' lang='lat' dir='ltr'>mensas</span> <span class='ocrx_word' id='word_1_207' title='bbox 1540 986 1826 1016; x_wconf 76' lang='lat' dir='ltr'><em>nummulariorum</em></span> <span class='ocrx_word' id='word_1_208' title='bbox 1844 987 1875 1016; x_wconf 74' lang='lat' dir='ltr'>vi</span> <span class='ocrx_word' id='word_1_209' title='bbox 1884 987 2061 1025; x_wconf 64' lang='lat' dir='ltr'>corporali.-</span> 
     </span>
    </p>

    <p class='ocr_par' dir='ltr' id='par_1_7' title="bbox 67 1006 1475 1066">
     <span class='ocr_line' id='line_1_19' title="bbox 67 1006 1475 1066; baseline -0.006 -24"><span class='ocrx_word' id='word_1_210' title='bbox 67 1012 163 1054; x_wconf 62' lang='lat' dir='ltr'>annis</span> <span class='ocrx_word' id='word_1_211' title='bbox 190 1011 270 1041; x_wconf 86' lang='lat'>1500</span> <span class='ocrx_word' id='word_1_212' title='bbox 292 1011 437 1042; x_wconf 76' lang='lat' dir='ltr'>florenos</span> <span class='ocrx_word' id='word_1_213' title='bbox 457 1021 516 1051; x_wconf 88' lang='lat' dir='ltr'>pro</span> <span class='ocrx_word' id='word_1_214' title='bbox 535 1021 596 1041; x_wconf 87' lang='lat' dir='ltr'>sua</span> <span class='ocrx_word' id='word_1_215' title='bbox 619 1010 723 1041; x_wconf 74' lang='lat' dir='ltr'>tertia.</span> <span class='ocrx_word' id='word_1_216' title='bbox 757 1009 841 1039; x_wconf 89' lang='lat' dir='ltr'>Nam</span> <span class='ocrx_word' id='word_1_217' title='bbox 863 1006 918 1038; x_wconf 79' lang='lat' dir='ltr'>ille</span> <span class='ocrx_word' id='word_1_218' title='bbox 940 1017 1037 1049; x_wconf 80' lang='lat' dir='ltr'>quae-</span> <span class='ocrx_word' id='word_1_219' title='bbox 1083 1028 1086 1029; x_wconf 17' lang='grc'><em>7</em></span> <span class='ocrx_word' id='word_1_220' title='bbox 1217 1027 1304 1066; x_wconf 72' lang='lat' dir='ltr'>Eryo</span> <span class='ocrx_word' id='word_1_221' title='bbox 1320 1027 1475 1065; x_wconf 46' lang='lat' dir='ltr'>peccavit·</span> 
     </span>
    </p>

    <p class='ocr_par' dir='ltr' id='par_1_8' title="bbox 69 1053 1036 1094">
     <span class='ocr_line' id='line_1_20' title="bbox 69 1053 1036 1094; baseline -0.005 -10"><span class='ocrx_word' id='word_1_222' title='bbox 69 1060 142 1086; x_wconf 81' lang='lat' dir='ltr'>stus</span> <span class='ocrx_word' id='word_1_223' title='bbox 176 1059 246 1085; x_wconf 82' lang='lat' dir='ltr'>erat</span> <span class='ocrx_word' id='word_1_224' title='bbox 280 1054 311 1084; x_wconf 91' lang='grc'>111</span> <span class='ocrx_word' id='word_1_225' title='bbox 336 1060 403 1084; x_wconf 84' lang='lat' dir='ltr'>tres</span> <span class='ocrx_word' id='word_1_226' title='bbox 433 1060 544 1094; x_wconf 86' lang='lat' dir='ltr'>partes</span> <span class='ocrx_word' id='word_1_227' title='bbox 579 1053 720 1083; x_wconf 70' lang='lat' dir='ltr'>divisus:</span> <span class='ocrx_word' id='word_1_228' title='bbox 754 1061 819 1082; x_wconf 86' lang='lat' dir='ltr'>una</span> <span class='ocrx_word' id='word_1_229' title='bbox 853 1060 932 1091; x_wconf 90' lang='lat' dir='ltr'>pars</span> <span class='ocrx_word' id='word_1_230' title='bbox 965 1055 1036 1080; x_wconf 89' lang='lat' dir='ltr'>erat</span> 
     </span>
    </p>

    <p class='ocr_par' dir='ltr' id='par_1_9' title="bbox 70 1090 2061 1138">
     <span class='ocr_line' id='line_1_21' title="bbox 70 1090 2061 1138; baseline -0.001 -10"><span class='ocrx_word' id='word_1_231' title='bbox 70 1095 222 1136; x_wconf 76' lang='lat' dir='ltr'><strong>Capituli,</strong></span> <span class='ocrx_word' id='word_1_232' title='bbox 244 1097 286 1126; x_wconf 80' lang='lat' dir='ltr'>atl</span> <span class='ocrx_word' id='word_1_233' title='bbox 306 1096 566 1126; x_wconf 76' lang='lat' dir='ltr'>conservandum</span> <span class='ocrx_word' id='word_1_234' title='bbox 583 1094 767 1126; x_wconf 83' lang='lat' dir='ltr'>aedificium</span> <span class='ocrx_word' id='word_1_235' title='bbox 785 1091 910 1133; x_wconf 70' lang='lat' dir='ltr'>templi:</span> <span class='ocrx_word' id='word_1_236' title='bbox 933 1090 1037 1123; x_wconf 87' lang='lat' dir='ltr'>altera</span> <span class='ocrx_word' id='word_1_237' title='bbox 1175 1092 1281 1123; x_wconf 80' lang='lat' dir='ltr'>Maior</span> <span class='ocrx_word' id='word_1_238' title='bbox 1300 1099 1351 1124; x_wconf 85' lang='lat' dir='ltr'>est</span> <span class='ocrx_word' id='word_1_239' title='bbox 1374 1103 1464 1130; x_wconf 80' lang='lat' dir='ltr'>vera,</span> <span class='ocrx_word' id='word_1_240' title='bbox 1487 1094 1561 1135; x_wconf 89' lang='lat' dir='ltr'>quia</span> <span class='ocrx_word' id='word_1_241' title='bbox 1586 1100 1635 1125; x_wconf 87' lang='lat' dir='ltr'>est</span> <span class='ocrx_word' id='word_1_242' title='bbox 1660 1094 1841 1126; x_wconf 84' lang='lat' dir='ltr'>differentia</span> <span class='ocrx_word' id='word_1_243' title='bbox 1863 1096 1947 1126; x_wconf 89' lang='lat' dir='ltr'>inter</span> <span class='ocrx_word' id='word_1_244' title='bbox 1961 1097 2061 1138; x_wconf 80' lang='lat' dir='ltr'>magi-</span> 
     </span>
    </p>
   </div>
   <div class='ocr_carea' id='block_1_5' title="bbox 65 1130 2059 1785">
    <p class='ocr_par' dir='ltr' id='par_1_10' title="bbox 65 1130 2059 1785">
     <span class='ocr_line' id='line_1_22' title="bbox 70 1130 2059 1180; baseline -0.001 -10"><span class='ocrx_word' id='word_1_245' title='bbox 70 1138 243 1180; x_wconf 81' lang='lat' dir='ltr'>Episcopi3</span> <span class='ocrx_word' id='word_1_246' title='bbox 273 1139 367 1169; x_wconf 86' lang='lat' dir='ltr'>tertia</span> <span class='ocrx_word' id='word_1_247' title='bbox 402 1138 577 1179; x_wconf 74' lang='lat' dir='ltr'>praesceti,</span> <span class='ocrx_word' id='word_1_248' title='bbox 608 1144 640 1168; x_wconf 89' lang='lat' dir='ltr'>et</span> <span class='ocrx_word' id='word_1_249' title='bbox 673 1147 738 1167; x_wconf 91' lang='lat' dir='ltr'>uua</span> <span class='ocrx_word' id='word_1_250' title='bbox 767 1134 930 1177; x_wconf 85' lang='lat' dir='ltr'>quaelibet</span> <span class='ocrx_word' id='word_1_251' title='bbox 958 1145 1036 1175; x_wconf 81' lang='lat' dir='ltr'>pars</span> <span class='ocrx_word' id='word_1_252' title='bbox 1088 1140 1227 1166; x_wconf 80' lang='lat' dir='ltr'>stratum</span> <span class='ocrx_word' id='word_1_253' title='bbox 1263 1130 1300 1166; x_wconf 78' lang='lat' dir='ltr'>et¹</span> <span class='ocrx_word' id='word_1_254' title='bbox 1324 1136 1603 1167; x_wconf 77' lang='lat' dir='ltr'>concionatorem.</span> <span class='ocrx_word' id='word_1_255' title='bbox 1659 1136 1876 1179; x_wconf 73' lang='lat' dir='ltr'>Magistratus</span> <span class='ocrx_word' id='word_1_256' title='bbox 1909 1138 2001 1179; x_wconf 87' lang='lat' dir='ltr'>punit</span> <span class='ocrx_word' id='word_1_257' title='bbox 2030 1139 2059 1169; x_wconf 94' lang='lat' dir='ltr'>vi</span> 
     </span>
     <span class='ocr_line' id='line_1_23' title="bbox 71 1177 2059 1221; baseline 0 -9"><span class='ocrx_word' id='word_1_258' title='bbox 71 1187 141 1212; x_wconf 83' lang='lat' dir='ltr'>erat</span> <span class='ocrx_word' id='word_1_259' title='bbox 165 1187 293 1211; x_wconf 76' lang='lat' dir='ltr'>centum</span> <span class='ocrx_word' id='word_1_260' title='bbox 325 1188 354 1211; x_wconf 88' lang='lat' dir='ltr'>et</span> <span class='ocrx_word' id='word_1_261' title='bbox 377 1182 628 1221; x_wconf 84' lang='lat' dir='ltr'>quingentorum</span> <span class='ocrx_word' id='word_1_262' title='bbox 657 1179 868 1210; x_wconf 90' lang='lat' dir='ltr'>ssorenorum.</span> <span class='ocrx_word' id='word_1_263' title='bbox 912 1177 1037 1209; x_wconf 67' lang='lat' dir='ltr'>Taunus</span> <span class='ocrx_word' id='word_1_264' title='bbox 1089 1177 1255 1218; x_wconf 87' lang='lat' dir='ltr'>corporali</span> <span class='ocrx_word' id='word_1_265' title='bbox 1290 1179 1398 1209; x_wconf 86' lang='lat' dir='ltr'>omnia</span> <span class='ocrx_word' id='word_1_266' title='bbox 1427 1184 1563 1210; x_wconf 81' lang='lat' dir='ltr'>externa</span> <span class='ocrx_word' id='word_1_267' title='bbox 1593 1178 1730 1217; x_wconf 83' lang='lat' dir='ltr'>delicta,</span> <span class='ocrx_word' id='word_1_268' title='bbox 1768 1190 1852 1221; x_wconf 89' lang='lat' dir='ltr'>quae</span> <span class='ocrx_word' id='word_1_269' title='bbox 1889 1186 1998 1221; x_wconf 84' lang='lat' dir='ltr'>potest</span> <span class='ocrx_word' id='word_1_270' title='bbox 2028 1187 2059 1213; x_wconf 88' lang='lat' dir='ltr'>et</span> 
     </span>
     <span class='ocr_line' id='line_1_24' title="bbox 67 1219 2059 1264; baseline 0.001 -10"><span class='ocrx_word' id='word_1_271' title='bbox 67 1223 130 1255; x_wconf 71' lang='lat' dir='ltr'>fuit</span> <span class='ocrx_word' id='word_1_272' title='bbox 152 1229 308 1264; x_wconf 70' lang='lat' dir='ltr'>quaestus</span> <span class='ocrx_word' id='word_1_273' title='bbox 339 1233 380 1253; x_wconf 80' lang='lat' dir='ltr'>ex</span> <span class='ocrx_word' id='word_1_274' title='bbox 399 1232 563 1253; x_wconf 76' lang='lat' dir='ltr'>concursu</span> <span class='ocrx_word' id='word_1_275' title='bbox 596 1220 653 1252; x_wconf 87' lang='lat' dir='ltr'>illo</span> <span class='ocrx_word' id='word_1_276' title='bbox 677 1222 719 1251; x_wconf 86' lang='lat' dir='ltr'>ad</span> <span class='ocrx_word' id='word_1_277' title='bbox 742 1219 918 1262; x_wconf 84' lang='lat' dir='ltr'>reliquiaS,</span> <span class='ocrx_word' id='word_1_278' title='bbox 952 1229 1037 1262; x_wconf 75' lang='lat' dir='ltr'>quae</span> <span class='ocrx_word' id='word_1_279' title='bbox 1089 1220 1185 1251; x_wconf 86' lang='lat' dir='ltr'>debet</span> <span class='ocrx_word' id='word_1_280' title='bbox 1207 1220 1364 1251; x_wconf 86' lang='lat' dir='ltr'>iudicare.</span> <span class='ocrx_word' id='word_1_281' title='bbox 1414 1220 1481 1252; x_wconf 89' lang='lat' dir='ltr'>Sed</span> <span class='ocrx_word' id='word_1_282' title='bbox 1513 1223 1660 1253; x_wconf 77' lang='lat' dir='ltr'>minister</span> <span class='ocrx_word' id='word_1_283' title='bbox 1688 1222 1862 1254; x_wconf 83' lang='lat' dir='ltr'>Ecclesiae</span> <span class='ocrx_word' id='word_1_284' title='bbox 1885 1224 1980 1255; x_wconf 89' lang='lat' dir='ltr'>debet</span> <span class='ocrx_word' id='word_1_285' title='bbox 2004 1224 2059 1255; x_wconf 87' lang='lat' dir='ltr'>do-</span> 
     </span>
     <span class='ocr_line' id='line_1_25' title="bbox 66 1261 2058 1305; baseline 0 -9"><span class='ocrx_word' id='word_1_286' title='bbox 66 1266 116 1297; x_wconf 79' lang='grc'>510</span> <span class='ocrx_word' id='word_1_287' title='bbox 139 1265 400 1302; x_wconf 74' lang='lat' dir='ltr'>nominabantur,</span> <span class='ocrx_word' id='word_1_288' title='bbox 425 1264 621 1295; x_wconf 82' lang='lat' dir='ltr'>Sanctorum</span> <span class='ocrx_word' id='word_1_289' title='bbox 645 1264 793 1294; x_wconf 88' lang='lat' dir='ltr'>istorum.</span> <span class='ocrx_word' id='word_1_290' title='bbox 1060 1261 1064 1280; x_wconf 82' lang='lat'><strong>¹</strong></span> <span class='ocrx_word' id='word_1_291' title='bbox 1088 1273 1164 1293; x_wconf 87' lang='lat' dir='ltr'>cere</span> <span class='ocrx_word' id='word_1_292' title='bbox 1188 1262 1404 1305; x_wconf 82' lang='lat' dir='ltr'>Evangelium</span> <span class='ocrx_word' id='word_1_293' title='bbox 1434 1270 1465 1294; x_wconf 88' lang='lat' dir='ltr'>et</span> <span class='ocrx_word' id='word_1_294' title='bbox 1502 1265 1618 1305; x_wconf 86' lang='lat' dir='ltr'>punire</span> <span class='ocrx_word' id='word_1_295' title='bbox 1645 1266 1767 1301; x_wconf 79' lang='lat' dir='ltr'>verbo3</span> <span class='ocrx_word' id='word_1_296' title='bbox 1803 1266 1888 1297; x_wconf 75' lang='lat' dir='ltr'>sicut</span> <span class='ocrx_word' id='word_1_297' title='bbox 1922 1267 2058 1298; x_wconf 87' lang='lat' dir='ltr'>dicitur:</span> 
     </span>
     <span class='ocr_line' id='line_1_26' title="bbox 152 1304 2059 1348; baseline 0.001 -10"><span class='ocrx_word' id='word_1_298' title='bbox 152 1307 186 1338; x_wconf 89' lang='lat' dir='ltr'>ln</span> <span class='ocrx_word' id='word_1_299' title='bbox 210 1306 275 1338; x_wconf 87' lang='lat' dir='ltr'>hoc</span> <span class='ocrx_word' id='word_1_300' title='bbox 292 1312 406 1338; x_wconf 85' lang='lat' dir='ltr'>nostro</span> <span class='ocrx_word' id='word_1_301' title='bbox 425 1307 545 1348; x_wconf 86' lang='lat' dir='ltr'>oppido</span> <span class='ocrx_word' id='word_1_302' title='bbox 559 1307 819 1348; x_wconf 52' lang='lat' dir='ltr'>Nl&#39;ittembergae</span> <span class='ocrx_word' id='word_1_303' title='bbox 837 1304 897 1336; x_wconf 75' lang='lat' dir='ltr'>{uit</span> <span class='ocrx_word' id='word_1_304' title='bbox 922 1304 1036 1337; x_wconf 75' lang='lat' dir='ltr'>clavus</span> <span class='ocrx_word' id='word_1_305' title='bbox 1088 1307 1230 1346; x_wconf 72' lang='lat' dir='ltr'>Spiritus</span> <span class='ocrx_word' id='word_1_306' title='bbox 1251 1311 1383 1338; x_wconf 77' lang='lat' dir='ltr'>sanctus</span> <span class='ocrx_word' id='word_1_307' title='bbox 1405 1312 1521 1346; x_wconf 63' lang='lat' dir='ltr'>arguet</span> <span class='ocrx_word' id='word_1_308' title='bbox 1538 1309 1696 1339; x_wconf 82' lang='lat' dir='ltr'>mundum.</span> <span class='ocrx_word' id='word_1_309' title='bbox 1741 1307 1811 1338; x_wconf 89' lang='lat' dir='ltr'>Nec</span> <span class='ocrx_word' id='word_1_310' title='bbox 1841 1307 1943 1340; x_wconf 84' lang='lat' dir='ltr'>voluit</span> <span class='ocrx_word' id='word_1_311' title='bbox 1967 1308 2059 1341; x_wconf 87' lang='lat' dir='ltr'>Chri-</span> 
     </span>
     <span class='ocr_line' id='line_1_27' title="bbox 65 1348 2059 1391; baseline 0.001 -10"><span class='ocrx_word' id='word_1_312' title='bbox 65 1348 259 1391; x_wconf 86' lang='lat' dir='ltr'>intemplo,</span> <span class='ocrx_word' id='word_1_313' title='bbox 295 1360 358 1390; x_wconf 86' lang='lat' dir='ltr'>quo</span> <span class='ocrx_word' id='word_1_314' title='bbox 395 1350 575 1387; x_wconf 83' lang='lat' dir='ltr'>dicebatur,</span> <span class='ocrx_word' id='word_1_315' title='bbox 610 1349 758 1379; x_wconf 81' lang='lat' dir='ltr'>confixas</span> <span class='ocrx_word' id='word_1_316' title='bbox 793 1349 896 1380; x_wconf 79' lang='lat' dir='ltr'>fuisse</span> <span class='ocrx_word' id='word_1_317' title='bbox 919 1358 1035 1379; x_wconf 86' lang='lat' dir='ltr'>manus</span> <span class='ocrx_word' id='word_1_318' title='bbox 1088 1353 1160 1379; x_wconf 89' lang='lat' dir='ltr'>stus</span> <span class='ocrx_word' id='word_1_319' title='bbox 1190 1349 1311 1379; x_wconf 86' lang='lat' dir='ltr'>habere</span> <span class='ocrx_word' id='word_1_320' title='bbox 1343 1349 1657 1381; x_wconf 77' lang='lat' dir='ltr'>administrationem</span> <span class='ocrx_word' id='word_1_321' title='bbox 1692 1349 1875 1391; x_wconf 81' lang='lat' dir='ltr'>politicam:</span> <span class='ocrx_word' id='word_1_322' title='bbox 1911 1351 1983 1383; x_wconf 78' lang='lat' dir='ltr'>Neo</span> <span class='ocrx_word' id='word_1_323' title='bbox 2014 1352 2059 1384; x_wconf 83' lang='lat' dir='ltr'>uti</span> 
     </span>
     <span class='ocr_line' id='line_1_28' title="bbox 66 1389 2059 1433; baseline 0.002 -10"><span class='ocrx_word' id='word_1_324' title='bbox 66 1398 99 1423; x_wconf 77' lang='lat' dir='ltr'>et</span> <span class='ocrx_word' id='word_1_325' title='bbox 155 1393 233 1423; x_wconf 81' lang='lat' dir='ltr'>edes</span> <span class='ocrx_word' id='word_1_326' title='bbox 262 1391 385 1422; x_wconf 83' lang='lat' dir='ltr'>Christi</span> <span class='ocrx_word' id='word_1_327' title='bbox 410 1392 582 1431; x_wconf 87' lang='lat' dir='ltr'>pendentis</span> <span class='ocrx_word' id='word_1_328' title='bbox 617 1391 648 1421; x_wconf 93' lang='lat' dir='ltr'>in</span> <span class='ocrx_word' id='word_1_329' title='bbox 682 1401 790 1422; x_wconf 86' lang='lat' dir='ltr'>cruce.</span> <span class='ocrx_word' id='word_1_330' title='bbox 845 1389 904 1420; x_wconf 90' lang='grc'><strong>1110</strong></span> <span class='ocrx_word' id='word_1_331' title='bbox 939 1389 1034 1421; x_wconf 84' lang='lat' dir='ltr'>clavo</span> <span class='ocrx_word' id='word_1_332' title='bbox 1088 1391 1120 1421; x_wconf 85' lang='lat' dir='ltr'>vi</span> <span class='ocrx_word' id='word_1_333' title='bbox 1150 1390 1326 1431; x_wconf 79' lang='lat' dir='ltr'>corporali.</span> <span class='ocrx_word' id='word_1_334' title='bbox 1382 1391 1448 1423; x_wconf 92' lang='lat' dir='ltr'>lmo</span> <span class='ocrx_word' id='word_1_335' title='bbox 1487 1393 1618 1433; x_wconf 87' lang='lat' dir='ltr'>quando</span> <span class='ocrx_word' id='word_1_336' title='bbox 1649 1392 1766 1424; x_wconf 79' lang='lat' dir='ltr'>Petrus</span> <span class='ocrx_word' id='word_1_337' title='bbox 1803 1393 1873 1424; x_wconf 92' lang='lat' dir='ltr'>vult</span> <span class='ocrx_word' id='word_1_338' title='bbox 1905 1394 2059 1426; x_wconf 86' lang='lat' dir='ltr'>dimicare</span> 
     </span>
     <span class='ocr_line' id='line_1_29' title="bbox 65 1403 2058 1477; baseline 0.002 -12"><span class='ocrx_word' id='word_1_339' title='bbox 65 1403 334 1475; x_wconf 54' lang='lat' dir='ltr'>periiultebantur</span> <span class='ocrx_word' id='word_1_340' title='bbox 368 1434 562 1465; x_wconf 82' lang='lat' dir='ltr'>numismata</span> <span class='ocrx_word' id='word_1_341' title='bbox 596 1443 696 1464; x_wconf 88' lang='lat' dir='ltr'>aurea</span> <span class='ocrx_word' id='word_1_342' title='bbox 729 1433 782 1464; x_wconf 87' lang='lat' dir='ltr'>vel</span> <span class='ocrx_word' id='word_1_343' title='bbox 805 1438 975 1475; x_wconf 85' lang='lat' dir='ltr'>argentea,</span> <span class='ocrx_word' id='word_1_344' title='bbox 1004 1438 1036 1465; x_wconf 86' lang='lat' dir='ltr'>et</span> <span class='ocrx_word' id='word_1_345' title='bbox 1087 1433 1119 1463; x_wconf 93' lang='lat' dir='ltr'>in</span> <span class='ocrx_word' id='word_1_346' title='bbox 1141 1432 1250 1470; x_wconf 83' lang='lat' dir='ltr'>horto,</span> <span class='ocrx_word' id='word_1_347' title='bbox 1285 1433 1445 1473; x_wconf 85' lang='lat' dir='ltr'>prohibet.</span> <span class='ocrx_word' id='word_1_348' title='bbox 1497 1434 1536 1465; x_wconf 87' lang='lat' dir='ltr'>Et</span> <span class='ocrx_word' id='word_1_349' title='bbox 1561 1436 1699 1476; x_wconf 88' lang='lat' dir='ltr'>pertinet</span> <span class='ocrx_word' id='word_1_350' title='bbox 1720 1435 1848 1477; x_wconf 86' lang='lat' dir='ltr'>Regula</span> <span class='ocrx_word' id='word_1_351' title='bbox 1878 1437 1919 1468; x_wconf 85' lang='lat' dir='ltr'>ad</span> <span class='ocrx_word' id='word_1_352' title='bbox 1944 1447 2058 1469; x_wconf 78' lang='lat' dir='ltr'>omnes</span> 
     </span>
     <span class='ocr_line' id='line_1_30' title="bbox 67 1476 2058 1520; baseline 0.003 -13"><span class='ocrx_word' id='word_1_353' title='bbox 67 1477 307 1509; x_wconf 87' lang='lat' dir='ltr'>decidebantur</span> <span class='ocrx_word' id='word_1_354' title='bbox 340 1477 499 1516; x_wconf 82' lang='lat' dir='ltr'>quaedam</span> <span class='ocrx_word' id='word_1_355' title='bbox 534 1482 703 1514; x_wconf 83' lang='lat' dir='ltr'>ramenta,</span> <span class='ocrx_word' id='word_1_356' title='bbox 738 1482 768 1506; x_wconf 87' lang='lat' dir='ltr'>et</span> <span class='ocrx_word' id='word_1_357' title='bbox 802 1485 844 1506; x_wconf 88' lang='lat' dir='ltr'>ex</span> <span class='ocrx_word' id='word_1_358' title='bbox 877 1476 1034 1507; x_wconf 86' lang='lat' dir='ltr'>ramentis</span> <span class='ocrx_word' id='word_1_359' title='bbox 1087 1476 1255 1507; x_wconf 83' lang='lat' dir='ltr'>ministros</span> <span class='ocrx_word' id='word_1_360' title='bbox 1273 1476 1462 1518; x_wconf 84' lang='lat' dir='ltr'>Evangelii:</span> <span class='ocrx_word' id='word_1_361' title='bbox 1498 1478 1587 1509; x_wconf 75' lang='lat' dir='ltr'>Sicut</span> <span class='ocrx_word' id='word_1_362' title='bbox 1615 1479 1702 1510; x_wconf 70' lang='lat' dir='ltr'>misit</span> <span class='ocrx_word' id='word_1_363' title='bbox 1721 1489 1769 1510; x_wconf 80' lang='lat' dir='ltr'>me</span> <span class='ocrx_word' id='word_1_364' title='bbox 1786 1484 1898 1520; x_wconf 81' lang='lat' dir='ltr'>pater,</span> <span class='ocrx_word' id='word_1_365' title='bbox 1933 1481 1981 1512; x_wconf 73' lang='lat' dir='ltr'>sic</span> <span class='ocrx_word' id='word_1_366' title='bbox 2002 1490 2058 1520; x_wconf 69' lang='lat' dir='ltr'>eqo</span> 
     </span>
     <span class='ocr_line' id='line_1_31' title="bbox 67 1517 1255 1559; baseline -0.001 -10"><span class='ocrx_word' id='word_1_367' title='bbox 67 1519 137 1550; x_wconf 85' lang='lat' dir='ltr'>istis</span> <span class='ocrx_word' id='word_1_368' title='bbox 161 1517 377 1559; x_wconf 86' lang='lat' dir='ltr'>colligebatur</span> <span class='ocrx_word' id='word_1_369' title='bbox 409 1517 517 1559; x_wconf 55' lang='lat' dir='ltr'>alique</span> <span class='ocrx_word' id='word_1_370' title='bbox 540 1528 675 1550; x_wconf 83' lang='lat' dir='ltr'>summa.</span> <span class='ocrx_word' id='word_1_371' title='bbox 721 1517 855 1549; x_wconf 86' lang='lat' dir='ltr'>Talibus</span> <span class='ocrx_word' id='word_1_372' title='bbox 887 1519 1036 1559; x_wconf 87' lang='lat' dir='ltr'>aucupiis</span> <span class='ocrx_word' id='word_1_373' title='bbox 1087 1522 1174 1549; x_wconf 79' lang='lat' dir='ltr'>mitto</span> <span class='ocrx_word' id='word_1_374' title='bbox 1193 1529 1255 1550; x_wconf 81' lang='lat' dir='ltr'>ros.</span> 
     </span>
     <span class='ocr_line' id='line_1_32' title="bbox 65 1559 2057 1611; baseline 0.002 -10"><span class='ocrx_word' id='word_1_375' title='bbox 65 1559 182 1601; x_wconf 74' lang='lat' dir='ltr'>Plenus</span> <span class='ocrx_word' id='word_1_376' title='bbox 205 1560 263 1591; x_wconf 73' lang='lat' dir='ltr'>luit</span> <span class='ocrx_word' id='word_1_377' title='bbox 287 1560 439 1591; x_wconf 72' lang='lat' dir='ltr'>mundus·</span> <span class='ocrx_word' id='word_1_378' title='bbox 1173 1569 1240 1600; x_wconf 82' lang='lat' dir='ltr'>Sed</span> <span class='ocrx_word' id='word_1_379' title='bbox 1273 1580 1359 1611; x_wconf 81' lang='lat' dir='ltr'>nego</span> <span class='ocrx_word' id='word_1_380' title='bbox 1392 1569 1564 1602; x_wconf 86' lang='lat' dir='ltr'>Minorem.</span> <span class='ocrx_word' id='word_1_381' title='bbox 1621 1571 1773 1603; x_wconf 81' lang='lat' dir='ltr'>Christus</span> <span class='ocrx_word' id='word_1_382' title='bbox 1805 1583 1870 1604; x_wconf 90' lang='lat' dir='ltr'>non</span> <span class='ocrx_word' id='word_1_383' title='bbox 1905 1574 1990 1604; x_wconf 87' lang='lat' dir='ltr'>eiicit</span> <span class='ocrx_word' id='word_1_384' title='bbox 2026 1575 2057 1605; x_wconf 81' lang='lat' dir='ltr'>vi</span> 
     </span>
     <span class='ocr_line' id='line_1_33' title="bbox 1088 1611 2056 1655; baseline 0.006 -13"><span class='ocrx_word' id='word_1_385' title='bbox 1088 1611 1261 1652; x_wconf 83' lang='lat' dir='ltr'>corporali,</span> <span class='ocrx_word' id='word_1_386' title='bbox 1285 1613 1343 1643; x_wconf 84' lang='lat' dir='ltr'>sed</span> <span class='ocrx_word' id='word_1_387' title='bbox 1367 1619 1455 1644; x_wconf 89' lang='lat' dir='ltr'>motu</span> <span class='ocrx_word' id='word_1_388' title='bbox 1480 1620 1511 1644; x_wconf 88' lang='lat' dir='ltr'>et</span> <span class='ocrx_word' id='word_1_389' title='bbox 1541 1615 1662 1655; x_wconf 88' lang='lat' dir='ltr'>impetu</span> <span class='ocrx_word' id='word_1_390' title='bbox 1692 1615 1812 1646; x_wconf 65' lang='lat' dir='ltr'>«livino.</span> <span class='ocrx_word' id='word_1_391' title='bbox 1859 1615 1915 1647; x_wconf 77' lang='lat' dir='ltr'>Sic</span> <span class='ocrx_word' id='word_1_392' title='bbox 1939 1615 2056 1648; x_wconf 85' lang='lat' dir='ltr'>Petrus</span> 
     </span>
     <span class='ocr_line' id='line_1_34' title="bbox 1086 1654 2056 1700; baseline 0.007 -16"><span class='ocrx_word' id='word_1_393' title='bbox 1086 1654 1239 1686; x_wconf 86' lang='lat' dir='ltr'>interficit</span> <span class='ocrx_word' id='word_1_394' title='bbox 1264 1655 1427 1695; x_wconf 24' lang='lat' dir='ltr'>*Ananiam</span> <span class='ocrx_word' id='word_1_395' title='bbox 1459 1656 1583 1697; x_wconf 85' lang='lat' dir='ltr'>Spiritu</span> <span class='ocrx_word' id='word_1_396' title='bbox 1613 1658 1732 1688; x_wconf 86' lang='lat' dir='ltr'>divino.</span> <span class='ocrx_word' id='word_1_397' title='bbox 1778 1657 1838 1689; x_wconf 88' lang='lat' dir='ltr'>Est</span> <span class='ocrx_word' id='word_1_398' title='bbox 1866 1659 1966 1700; x_wconf 86' lang='lat' dir='ltr'>igitur</span> <span class='ocrx_word' id='word_1_399' title='bbox 1991 1659 2056 1691; x_wconf 87' lang='lat' dir='ltr'>hoc</span> 
     </span>
     <span class='ocr_line' id='line_1_35' title="bbox 1086 1695 2056 1739; baseline 0.007 -13"><span class='ocrx_word' id='word_1_400' title='bbox 1086 1695 1207 1727; x_wconf 87' lang='lat' dir='ltr'>factum</span> <span class='ocrx_word' id='word_1_401' title='bbox 1232 1697 1355 1728; x_wconf 85' lang='lat' dir='ltr'>Christi</span> <span class='ocrx_word' id='word_1_402' title='bbox 1386 1708 1470 1739; x_wconf 83' lang='lat' dir='ltr'>opus</span> <span class='ocrx_word' id='word_1_403' title='bbox 1500 1699 1660 1737; x_wconf 77' lang='lat' dir='ltr'>divinum,</span> <span class='ocrx_word' id='word_1_404' title='bbox 1696 1700 1822 1731; x_wconf 88' lang='lat' dir='ltr'>etiamsi</span> <span class='ocrx_word' id='word_1_405' title='bbox 1851 1708 1987 1732; x_wconf 81' lang='lat' dir='ltr'>externa</span> <span class='ocrx_word' id='word_1_406' title='bbox 2010 1703 2056 1733; x_wconf 88' lang='lat' dir='ltr'>in-</span> 
     </span>
     <span class='ocr_line' id='line_1_36' title="bbox 1085 1740 2055 1785; baseline 0.007 -16"><span class='ocrx_word' id='word_1_407' title='bbox 1085 1744 1266 1770; x_wconf 76' lang='lat' dir='ltr'>strumenta</span> <span class='ocrx_word' id='word_1_408' title='bbox 1288 1740 1432 1778; x_wconf 84' lang='lat' dir='ltr'>adhibet,</span> <span class='ocrx_word' id='word_1_409' title='bbox 1457 1752 1540 1782; x_wconf 91' lang='lat' dir='ltr'>quae</span> <span class='ocrx_word' id='word_1_410' title='bbox 1562 1748 1639 1774; x_wconf 87' lang='lat' dir='ltr'>sunt</span> <span class='ocrx_word' id='word_1_411' title='bbox 1661 1748 1786 1774; x_wconf 87' lang='lat' dir='ltr'>tantum</span> <span class='ocrx_word' id='word_1_412' title='bbox 1809 1743 1916 1785; x_wconf 81' lang='lat' dir='ltr'>signa,</span> <span class='ocrx_word' id='word_1_413' title='bbox 1938 1750 1974 1776; x_wconf 91' lang='lat' dir='ltr'>ut</span> <span class='ocrx_word' id='word_1_414' title='bbox 1997 1744 2055 1776; x_wconf 79' lang='lat' dir='ltr'>ssa-</span> 
     </span>
    </p>
   </div>
   <div class='ocr_carea' id='block_1_6' title="bbox 66 1718 1538 1825">
    <p class='ocr_par' dir='ltr' id='par_1_11' title="bbox 66 1718 1538 1825">
     <span class='ocr_line' id='line_1_37' title="bbox 66 1718 1032 1779; baseline 0.002 -15"><span class='ocrx_word' id='word_1_415' title='bbox 66 1723 146 1773; x_wconf 85' lang='lat' dir='ltr'>Qui</span> <span class='ocrx_word' id='word_1_416' title='bbox 177 1724 362 1765; x_wconf 73' lang='lat' dir='ltr'>dicuntur</span> <span class='ocrx_word' id='word_1_417' title='bbox 383 1718 646 1775; x_wconf 83' lang='lat' dir='ltr'>nummularii,</span> <span class='ocrx_word' id='word_1_418' title='bbox 679 1723 848 1779; x_wconf 71' lang='lat' dir='ltr'>querum</span> <span class='ocrx_word' id='word_1_419' title='bbox 872 1740 1032 1766; x_wconf 85' lang='lat' dir='ltr'>mensas</span> 
     </span>
     <span class='ocr_line' id='line_1_38' title="bbox 1056 1765 1538 1825; baseline 0.004 -13"><span class='ocrx_word' id='word_1_420' title='bbox 1056 1765 1061 1808; x_wconf 79' lang='grc'>1</span> <span class='ocrx_word' id='word_1_421' title='bbox 1085 1781 1219 1823; x_wconf 82' lang='lat' dir='ltr'>gellum,</span> <span class='ocrx_word' id='word_1_422' title='bbox 1241 1782 1295 1814; x_wconf 83' lang='lat' dir='ltr'>vel</span> <span class='ocrx_word' id='word_1_423' title='bbox 1318 1781 1384 1815; x_wconf 82' lang='lat' dir='ltr'>tale</span> <span class='ocrx_word' id='word_1_424' title='bbox 1407 1782 1538 1825; x_wconf 88' lang='lat' dir='ltr'>aliquid.</span> 
     </span>
    </p>
   </div>
   <div class='ocr_carea' id='block_1_7' title="bbox 65 1800 2054 1885">
    <p class='ocr_par' dir='ltr' id='par_1_12' title="bbox 65 1800 2054 1885">
     <span class='ocr_line' id='line_1_39' title="bbox 65 1800 2018 1872; baseline 0.006 -32"><span class='ocrx_word' id='word_1_425' title='bbox 65 1801 208 1841; x_wconf 86' lang='lat' dir='ltr'>dicitur</span> <span class='ocrx_word' id='word_1_426' title='bbox 238 1801 302 1840; x_wconf 84' lang='lat' dir='ltr'>hic</span> <span class='ocrx_word' id='word_1_427' title='bbox 334 1800 514 1842; x_wconf 70' lang='lat' dir='ltr'>Christus</span> <span class='ocrx_word' id='word_1_428' title='bbox 546 1802 738 1842; x_wconf 67' lang='lat' dir='ltr'>evertisse</span> <span class='ocrx_word' id='word_1_429' title='bbox 775 1802 816 1842; x_wconf 86' lang='lat' dir='ltr'>in</span> <span class='ocrx_word' id='word_1_430' title='bbox 847 1802 1032 1858; x_wconf 69' lang='lat' dir='ltr'>templo?</span> <span class='ocrx_word' id='word_1_431' title='bbox 1171 1841 1195 1872; x_wconf 88' lang='lat' dir='ltr'>p</span> <span class='ocrx_word' id='word_1_432' title='bbox 1335 1854 1342 1858; x_wconf 26' lang='grc' dir='ltr'><strong>Ἴ</strong></span> <span class='ocrx_word' id='word_1_433' title='bbox 1479 1844 1486 1851; x_wconf 86' lang='grc'><em>,</em></span> <span class='ocrx_word' id='word_1_434' title='bbox 1839 1846 1846 1853; x_wconf 90' lang='grc'><strong><em>,</em></strong></span> <span class='ocrx_word' id='word_1_435' title='bbox 2012 1848 2018 1855; x_wconf 93' lang='grc'><em>,</em></span> 
     </span>
     <span class='ocr_line' id='line_1_40' title="bbox 1199 1843 2054 1885; baseline 0.007 -12"><span class='ocrx_word' id='word_1_436' title='bbox 1199 1849 1292 1874; x_wconf 87' lang='lat' dir='ltr'>ostea</span> <span class='ocrx_word' id='word_1_437' title='bbox 1325 1854 1422 1874; x_wconf 62' lang='lat' dir='ltr'>&gt;uum</span> <span class='ocrx_word' id='word_1_438' title='bbox 1446 1851 1541 1875; x_wconf 83' lang='lat' dir='ltr'>etiam</span> <span class='ocrx_word' id='word_1_439' title='bbox 1572 1843 1680 1876; x_wconf 89' lang='lat' dir='ltr'>locum</span> <span class='ocrx_word' id='word_1_440' title='bbox 1710 1845 1810 1877; x_wconf 84' lang='lat' dir='ltr'>habet</span> <span class='ocrx_word' id='word_1_441' title='bbox 1839 1845 1896 1877; x_wconf 82' lang='lat' dir='ltr'>illa</span> <span class='ocrx_word' id='word_1_442' title='bbox 1919 1846 2054 1885; x_wconf 77' lang='lat' dir='ltr'>solutio,</span> 
     </span>
    </p>
   </div>
   <div class='ocr_carea' id='block_1_8' title="bbox 1077 1887 2054 2346">
    <p class='ocr_par' dir='ltr' id='par_1_13' title="bbox 1077 1887 2054 2346">
     <span class='ocr_line' id='line_1_41' title="bbox 1084 1887 2054 1927; baseline 0.006 -11"><span class='ocrx_word' id='word_1_443' title='bbox 1084 1895 1149 1926; x_wconf 88' lang='lat' dir='ltr'>qua</span> <span class='ocrx_word' id='word_1_444' title='bbox 1182 1893 1290 1926; x_wconf 85' lang='lat' dir='ltr'>potest</span> <span class='ocrx_word' id='word_1_445' title='bbox 1320 1887 1512 1927; x_wconf 80' lang='lat' dir='ltr'>responderi</span> <span class='ocrx_word' id='word_1_446' title='bbox 1547 1888 1589 1918; x_wconf 80' lang='lat' dir='ltr'>atl</span> <span class='ocrx_word' id='word_1_447' title='bbox 1619 1887 1797 1919; x_wconf 80' lang='lat' dir='ltr'>Maiorem:</span> <span class='ocrx_word' id='word_1_448' title='bbox 1832 1888 2054 1922; x_wconf 82' lang='lat' dir='ltr'>Concionator</span> 
     </span>
     <span class='ocr_line' id='line_1_42' title="bbox 1083 1929 2053 1972; baseline 0.006 -13"><span class='ocrx_word' id='word_1_449' title='bbox 1083 1938 1148 1959; x_wconf 92' lang='lat' dir='ltr'>non</span> <span class='ocrx_word' id='word_1_450' title='bbox 1173 1929 1270 1960; x_wconf 89' lang='lat' dir='ltr'>debet</span> <span class='ocrx_word' id='word_1_451' title='bbox 1293 1929 1336 1960; x_wconf 90' lang='lat' dir='ltr'>uti</span> <span class='ocrx_word' id='word_1_452' title='bbox 1361 1930 1393 1960; x_wconf 65' lang='lat' dir='ltr'>ri</span> <span class='ocrx_word' id='word_1_453' title='bbox 1417 1929 1592 1970; x_wconf 78' lang='lat' dir='ltr'>corporali,</span> <span class='ocrx_word' id='word_1_454' title='bbox 1624 1931 1686 1961; x_wconf 81' lang='lat' dir='ltr'>nisi</span> <span class='ocrx_word' id='word_1_455' title='bbox 1710 1931 1741 1962; x_wconf 92' lang='lat' dir='ltr'>in</span> <span class='ocrx_word' id='word_1_456' title='bbox 1765 1939 1924 1972; x_wconf 88' lang='lat' dir='ltr'>quantum</span> <span class='ocrx_word' id='word_1_457' title='bbox 1948 1933 2053 1965; x_wconf 87' lang='lat' dir='ltr'>Oeco-</span> 
     </span>
     <span class='ocr_line' id='line_1_43' title="bbox 1082 1971 2052 2017; baseline 0.006 -16"><span class='ocrx_word' id='word_1_458' title='bbox 1082 1981 1223 2009; x_wconf 87' lang='lat' dir='ltr'>nomus,</span> <span class='ocrx_word' id='word_1_459' title='bbox 1265 1982 1324 2003; x_wconf 83' lang='lat' dir='ltr'>seu</span> <span class='ocrx_word' id='word_1_460' title='bbox 1359 1971 1603 2012; x_wconf 83' lang='lat' dir='ltr'>paterfamilias.</span> <span class='ocrx_word' id='word_1_461' title='bbox 1663 1974 1697 2005; x_wconf 85' lang='lat' dir='ltr'>Si</span> <span class='ocrx_word' id='word_1_462' title='bbox 1734 1981 1906 2015; x_wconf 83' lang='lat' dir='ltr'>grassator</span> <span class='ocrx_word' id='word_1_463' title='bbox 1934 1974 2052 2017; x_wconf 83' lang='lat' dir='ltr'>aliquis</span> 
     </span>
     <span class='ocr_line' id='line_1_44' title="bbox 1083 2013 2052 2056; baseline 0.006 -12"><span class='ocrx_word' id='word_1_464' title='bbox 1083 2013 1179 2045; x_wconf 75' lang='lat' dir='ltr'>vellet</span> <span class='ocrx_word' id='word_1_465' title='bbox 1209 2015 1330 2045; x_wconf 86' lang='lat' dir='ltr'>intrare</span> <span class='ocrx_word' id='word_1_466' title='bbox 1361 2016 1391 2045; x_wconf 95' lang='lat' dir='ltr'>in</span> <span class='ocrx_word' id='word_1_467' title='bbox 1423 2016 1553 2046; x_wconf 79' lang='lat' dir='ltr'>‹lomum</span> <span class='ocrx_word' id='word_1_468' title='bbox 1577 2017 1732 2056; x_wconf 82' lang='lat' dir='ltr'>pastoris,</span> <span class='ocrx_word' id='word_1_469' title='bbox 1756 2023 1786 2048; x_wconf 88' lang='lat' dir='ltr'>et</span> <span class='ocrx_word' id='word_1_470' title='bbox 1808 2019 1940 2049; x_wconf 86' lang='lat' dir='ltr'>turbare</span> <span class='ocrx_word' id='word_1_471' title='bbox 1961 2019 2052 2051; x_wconf 88' lang='lat' dir='ltr'>fami-</span> 
     </span>
     <span class='ocr_line' id='line_1_45' title="bbox 1081 2054 2050 2098; baseline 0.004 -11"><span class='ocrx_word' id='word_1_472' title='bbox 1081 2054 1167 2095; x_wconf 80' lang='lat' dir='ltr'>liam,</span> <span class='ocrx_word' id='word_1_473' title='bbox 1190 2064 1281 2089; x_wconf 87' lang='lat' dir='ltr'>recte</span> <span class='ocrx_word' id='word_1_474' title='bbox 1301 2056 1424 2089; x_wconf 81' lang='lat' dir='ltr'>faceret</span> <span class='ocrx_word' id='word_1_475' title='bbox 1447 2065 1575 2098; x_wconf 83' lang='lat' dir='ltr'>pastor,</span> <span class='ocrx_word' id='word_1_476' title='bbox 1599 2060 1626 2089; x_wconf 69' lang='lat' dir='ltr'>si</span> <span class='ocrx_word' id='word_1_477' title='bbox 1650 2060 1745 2090; x_wconf 89' lang='lat' dir='ltr'>etiam</span> <span class='ocrx_word' id='word_1_478' title='bbox 1765 2061 1796 2091; x_wconf 74' lang='lat' dir='ltr'>vi</span> <span class='ocrx_word' id='word_1_479' title='bbox 1816 2071 1888 2091; x_wconf 87' lang='lat' dir='ltr'>eum</span> <span class='ocrx_word' id='word_1_480' title='bbox 1907 2062 2050 2093; x_wconf 90' lang='lat' dir='ltr'>eiiceret.</span> 
     </span>
     <span class='ocr_line' id='line_1_46' title="bbox 1081 2099 2049 2145; baseline 0.004 -14"><span class='ocrx_word' id='word_1_481' title='bbox 1081 2100 1150 2137; x_wconf 80' lang='lat' dir='ltr'>Sic,</span> <span class='ocrx_word' id='word_1_482' title='bbox 1174 2101 1202 2130; x_wconf 83' lang='lat' dir='ltr'>si</span> <span class='ocrx_word' id='word_1_483' title='bbox 1224 2099 1406 2131; x_wconf 74' lang='lat' dir='ltr'>nebulones</span> <span class='ocrx_word' id='word_1_484' title='bbox 1431 2102 1460 2132; x_wconf 87' lang='lat' dir='ltr'>in</span> <span class='ocrx_word' id='word_1_485' title='bbox 1486 2100 1605 2141; x_wconf 80' lang='lat' dir='ltr'>templo</span> <span class='ocrx_word' id='word_1_486' title='bbox 1620 2102 1901 2141; x_wconf 82' lang='lat' dir='ltr'>tumultuarentur,</span> <span class='ocrx_word' id='word_1_487' title='bbox 1923 2110 2049 2145; x_wconf 78' lang='lat' dir='ltr'>pastor,</span> 
     </span>
     <span class='ocr_line' id='line_1_47' title="bbox 1081 2143 2048 2188; baseline 0.006 -16"><span class='ocrx_word' id='word_1_488' title='bbox 1081 2143 1109 2173; x_wconf 77' lang='lat' dir='ltr'>si</span> <span class='ocrx_word' id='word_1_489' title='bbox 1146 2150 1278 2183; x_wconf 72' lang='lat' dir='ltr'>posset,</span> <span class='ocrx_word' id='word_1_490' title='bbox 1312 2145 1395 2174; x_wconf 67' lang='lat' dir='ltr'>iuste</span> <span class='ocrx_word' id='word_1_491' title='bbox 1419 2154 1477 2174; x_wconf 78' lang='lat' dir='ltr'>eos</span> <span class='ocrx_word' id='word_1_492' title='bbox 1515 2143 1714 2185; x_wconf 77' lang='lat' dir='ltr'>expelleret,</span> <span class='ocrx_word' id='word_1_493' title='bbox 1751 2153 1912 2186; x_wconf 85' lang='lat' dir='ltr'>tamquam</span> <span class='ocrx_word' id='word_1_494' title='bbox 1942 2153 2048 2188; x_wconf 88' lang='lat' dir='ltr'>pater-</span> 
     </span>
     <span class='ocr_line' id='line_1_48' title="bbox 1080 2185 2047 2231; baseline 0.005 -15"><span class='ocrx_word' id='word_1_495' title='bbox 1080 2185 1217 2217; x_wconf 81' lang='lat' dir='ltr'>familias</span> <span class='ocrx_word' id='word_1_496' title='bbox 1243 2197 1280 2217; x_wconf 79' lang='lat' dir='ltr'>ex</span> <span class='ocrx_word' id='word_1_497' title='bbox 1305 2196 1365 2217; x_wconf 82' lang='lat' dir='ltr'>sua</span> <span class='ocrx_word' id='word_1_498' title='bbox 1389 2187 1497 2217; x_wconf 77' lang='lat' dir='ltr'>domo,</span> <span class='ocrx_word' id='word_1_499' title='bbox 1539 2186 1630 2218; x_wconf 79' lang='lat' dir='ltr'>llaec</span> <span class='ocrx_word' id='word_1_500' title='bbox 1653 2194 1726 2219; x_wconf 86' lang='lat' dir='ltr'>sunt</span> <span class='ocrx_word' id='word_1_501' title='bbox 1756 2187 1905 2228; x_wconf 85' lang='lat' dir='ltr'>puerilia,</span> <span class='ocrx_word' id='word_1_502' title='bbox 1930 2190 2047 2231; x_wconf 82' lang='lat' dir='ltr'>quibus</span> 
     </span>
     <span class='ocr_line' id='line_1_49' title="bbox 1081 2229 2047 2268; baseline 0.004 -9"><span class='ocrx_word' id='word_1_503' title='bbox 1081 2234 1186 2260; x_wconf 85' lang='lat' dir='ltr'>tamen</span> <span class='ocrx_word' id='word_1_504' title='bbox 1218 2229 1532 2260; x_wconf 76' lang='lat' dir='ltr'>contmonefaciendi</span> <span class='ocrx_word' id='word_1_505' title='bbox 1567 2237 1643 2260; x_wconf 81' lang='lat' dir='ltr'>sunt</span> <span class='ocrx_word' id='word_1_506' title='bbox 1678 2232 1846 2268; x_wconf 84' lang='lat' dir='ltr'>iuniores,</span> <span class='ocrx_word' id='word_1_507' title='bbox 1885 2238 1920 2262; x_wconf 90' lang='lat' dir='ltr'>ut</span> <span class='ocrx_word' id='word_1_508' title='bbox 1954 2242 2047 2263; x_wconf 79' lang='lat' dir='ltr'>exer-</span> 
     </span>
     <span class='ocr_line' id='line_1_50' title="bbox 1079 2272 2046 2316; baseline 0.004 -14"><span class='ocrx_word' id='word_1_509' title='bbox 1079 2279 1215 2303; x_wconf 84' lang='lat' dir='ltr'>ceantur</span> <span class='ocrx_word' id='word_1_510' title='bbox 1248 2282 1359 2303; x_wconf 87' lang='lat' dir='ltr'>eorum</span> <span class='ocrx_word' id='word_1_511' title='bbox 1396 2273 1544 2314; x_wconf 76' lang='lat' dir='ltr'>ingenia,</span> <span class='ocrx_word' id='word_1_512' title='bbox 1580 2280 1611 2304; x_wconf 88' lang='lat' dir='ltr'>et</span> <span class='ocrx_word' id='word_1_513' title='bbox 1640 2272 1799 2305; x_wconf 79' lang='lat' dir='ltr'>honestae</span> <span class='ocrx_word' id='word_1_514' title='bbox 1830 2275 2046 2316; x_wconf 85' lang='lat' dir='ltr'>cogitationes</span> 
     </span>
     <span class='ocr_line' id='line_1_51' title="bbox 1077 2315 1396 2346; baseline 0.006 -2"><span class='ocrx_word' id='word_1_515' title='bbox 1077 2315 1109 2345; x_wconf 89' lang='lat' dir='ltr'>in</span> <span class='ocrx_word' id='word_1_516' title='bbox 1133 2315 1180 2345; x_wconf 83' lang='lat' dir='ltr'>eis</span> <span class='ocrx_word' id='word_1_517' title='bbox 1203 2315 1396 2346; x_wconf 79' lang='lat' dir='ltr'>excitentur.</span> 
     </span>
    </p>
   </div>
   <div class='ocr_carea' id='block_1_9' title="bbox 60 1898 2046 2546">
    <p class='ocr_par' dir='ltr' id='par_1_14' title="bbox 63 1898 1032 2151">
     <span class='ocr_line' id='line_1_52' title="bbox 148 1898 1032 1941; baseline 0.003 -11"><span class='ocrx_word' id='word_1_518' title='bbox 148 1898 359 1940; x_wconf 81' lang='lat' dir='ltr'>Respondeo.</span> <span class='ocrx_word' id='word_1_519' title='bbox 414 1899 602 1941; x_wconf 84' lang='lat' dir='ltr'>Significat,</span> <span class='ocrx_word' id='word_1_520' title='bbox 640 1904 733 1933; x_wconf 77' lang='lat' dir='ltr'>einen</span> <span class='ocrx_word' id='word_1_521' title='bbox 763 1903 924 1933; x_wconf 71' lang='lat' dir='ltr'>wecheler.</span> <span class='ocrx_word' id='word_1_522' title='bbox 981 1903 1032 1933; x_wconf 81' lang='lat' dir='ltr'>Ac</span> 
     </span>
     <span class='ocr_line' id='line_1_53' title="bbox 63 1941 1031 1984; baseline 0.002 -10"><span class='ocrx_word' id='word_1_523' title='bbox 63 1941 213 1974; x_wconf 77' lang='lat' dir='ltr'>differunt</span> <span class='ocrx_word' id='word_1_524' title='bbox 237 1942 412 1983; x_wconf 76' lang='lat' dir='ltr'>argentarii</span> <span class='ocrx_word' id='word_1_525' title='bbox 437 1949 469 1974; x_wconf 92' lang='lat' dir='ltr'>et</span> <span class='ocrx_word' id='word_1_526' title='bbox 491 1943 704 1975; x_wconf 87' lang='lat' dir='ltr'>nummularii.</span> <span class='ocrx_word' id='word_1_527' title='bbox 749 1945 939 1984; x_wconf 73' lang='lat' dir='ltr'>Arqenlarz&#39;c&#39;</span> <span class='ocrx_word' id='word_1_528' title='bbox 956 1952 1031 1977; x_wconf 87' lang='lat' dir='ltr'>sunt</span> 
     </span>
     <span class='ocr_line' id='line_1_54' title="bbox 63 1983 1031 2029; baseline 0.003 -13"><span class='ocrx_word' id='word_1_529' title='bbox 63 1985 184 2016; x_wconf 91' lang='lat' dir='ltr'>domini</span> <span class='ocrx_word' id='word_1_530' title='bbox 219 1983 523 2024; x_wconf 86' lang='lat' dir='ltr'>nummulariorum,</span> <span class='ocrx_word' id='word_1_531' title='bbox 555 1993 590 2017; x_wconf 88' lang='lat' dir='ltr'>ut</span> <span class='ocrx_word' id='word_1_532' title='bbox 611 1986 765 2025; x_wconf 85' lang='lat' dir='ltr'>Fuccari,</span> <span class='ocrx_word' id='word_1_533' title='bbox 798 1993 854 2018; x_wconf 82' lang='lat' dir='ltr'>aut</span> <span class='ocrx_word' id='word_1_534' title='bbox 875 1987 929 2018; x_wconf 89' lang='lat' dir='ltr'>alii</span> <span class='ocrx_word' id='word_1_535' title='bbox 953 1999 1031 2029; x_wconf 88' lang='lat' dir='ltr'>opu-</span> 
     </span>
     <span class='ocr_line' id='line_1_55' title="bbox 63 2026 1029 2068; baseline 0.004 -11"><span class='ocrx_word' id='word_1_536' title='bbox 63 2026 141 2058; x_wconf 91' lang='lat' dir='ltr'>lenti</span> <span class='ocrx_word' id='word_1_537' title='bbox 165 2034 380 2064; x_wconf 75' lang='lat' dir='ltr'>mercatores,</span> <span class='ocrx_word' id='word_1_538' title='bbox 414 2029 468 2068; x_wconf 88' lang='lat' dir='ltr'>qui</span> <span class='ocrx_word' id='word_1_539' title='bbox 500 2036 656 2068; x_wconf 79' lang='lat' dir='ltr'>praesunt</span> <span class='ocrx_word' id='word_1_540' title='bbox 677 2032 801 2067; x_wconf 67' lang='lat' dir='ltr'>Bauer),</span> <span class='ocrx_word' id='word_1_541' title='bbox 835 2036 869 2061; x_wconf 89' lang='lat' dir='ltr'>ut</span> <span class='ocrx_word' id='word_1_542' title='bbox 900 2038 1029 2062; x_wconf 75' lang='lat' dir='ltr'>vocant.</span> 
     </span>
     <span class='ocr_line' id='line_1_56' title="bbox 63 2069 1029 2111; baseline 0.004 -10"><span class='ocrx_word' id='word_1_543' title='bbox 63 2069 158 2101; x_wconf 78' lang='lat' dir='ltr'>Servi</span> <span class='ocrx_word' id='word_1_544' title='bbox 181 2080 241 2101; x_wconf 89' lang='lat' dir='ltr'>seu</span> <span class='ocrx_word' id='word_1_545' title='bbox 264 2070 398 2100; x_wconf 70' lang='lat' dir='ltr'>ministri</span> <span class='ocrx_word' id='word_1_546' title='bbox 422 2072 681 2111; x_wconf 85' lang='lat' dir='ltr'>argentariorum</span> <span class='ocrx_word' id='word_1_547' title='bbox 705 2073 913 2104; x_wconf 81' lang='lat' dir='ltr'>nominantur</span> <span class='ocrx_word' id='word_1_548' title='bbox 940 2084 1029 2106; x_wconf 83' lang='lat' dir='ltr'>num-</span> 
     </span>
     <span class='ocr_line' id='line_1_57' title="bbox 63 2114 452 2151; baseline -0.003 -7"><span class='ocrx_word' id='word_1_549' title='bbox 63 2115 190 2144; x_wconf 76' lang='lat' dir='ltr'>mularii</span> <span class='ocrx_word' id='word_1_550' title='bbox 211 2117 243 2143; x_wconf 78' lang='lat' dir='ltr'>el</span> <span class='ocrx_word' id='word_1_551' title='bbox 264 2114 452 2151; x_wconf 69' lang='lat' dir='ltr'>collyM-slue.</span> 
     </span>
    </p>

    <p class='ocr_par' dir='ltr' id='par_1_15' title="bbox 60 2153 2046 2546">
     <span class='ocr_line' id='line_1_58' title="bbox 148 2153 1027 2200; baseline 0.006 -14"><span class='ocrx_word' id='word_1_552' title='bbox 148 2153 308 2196; x_wconf 68' lang='lat' dir='ltr'>Collybus·</span> <span class='ocrx_word' id='word_1_553' title='bbox 334 2162 381 2185; x_wconf 78' lang='lat' dir='ltr'>est</span> <span class='ocrx_word' id='word_1_554' title='bbox 417 2156 553 2196; x_wconf 85' lang='lat' dir='ltr'>pretium</span> <span class='ocrx_word' id='word_1_555' title='bbox 586 2166 646 2188; x_wconf 84' lang='lat' dir='ltr'>seu</span> <span class='ocrx_word' id='word_1_556' title='bbox 678 2159 828 2189; x_wconf 64' lang='lat' dir='ltr'>accessio</span> <span class='ocrx_word' id='word_1_557' title='bbox 859 2161 1027 2200; x_wconf 78' lang='lat' dir='ltr'>pecuniae,</span> 
     </span>
     <span class='ocr_line' id='line_1_59' title="bbox 61 2198 1028 2243; baseline 0.005 -15"><span class='ocrx_word' id='word_1_558' title='bbox 61 2207 145 2239; x_wconf 84' lang='lat' dir='ltr'>quae</span> <span class='ocrx_word' id='word_1_559' title='bbox 168 2198 264 2229; x_wconf 85' lang='lat' dir='ltr'>datur</span> <span class='ocrx_word' id='word_1_560' title='bbox 287 2198 317 2228; x_wconf 91' lang='lat' dir='ltr'>in</span> <span class='ocrx_word' id='word_1_561' title='bbox 342 2199 577 2238; x_wconf 82' lang='lat' dir='ltr'>permutatione</span> <span class='ocrx_word' id='word_1_562' title='bbox 601 2209 700 2240; x_wconf 85' lang='lat' dir='ltr'>supra</span> <span class='ocrx_word' id='word_1_563' title='bbox 722 2207 896 2239; x_wconf 83' lang='lat' dir='ltr'>monetam,</span> <span class='ocrx_word' id='word_1_564' title='bbox 931 2213 1028 2243; x_wconf 81' lang='lat' dir='ltr'>quam</span> 
     </span>
     <span class='ocr_line' id='line_1_60' title="bbox 61 2240 1026 2285; baseline 0.007 -15"><span class='ocrx_word' id='word_1_565' title='bbox 61 2247 245 2280; x_wconf 86' lang='lat' dir='ltr'>permutare</span> <span class='ocrx_word' id='word_1_566' title='bbox 270 2240 433 2278; x_wconf 63' lang='grc'><strong>10100105,</strong></span> <span class='ocrx_word' id='word_1_567' title='bbox 457 2243 524 2272; x_wconf 81' lang='lat' dir='ltr'>Das</span> <span class='ocrx_word' id='word_1_568' title='bbox 546 2243 687 2281; x_wconf 68' lang='lat' dir='ltr'>auffyelt,</span> <span class='ocrx_word' id='word_1_569' title='bbox 710 2245 789 2275; x_wconf 84' lang='lat' dir='ltr'>oder</span> <span class='ocrx_word' id='word_1_570' title='bbox 810 2246 1026 2285; x_wconf 71' lang='lat' dir='ltr'>wechsellyelt,</span> 
     </span>
     <span class='ocr_line' id='line_1_61' title="bbox 61 2283 1026 2324; baseline 0.006 -11"><span class='ocrx_word' id='word_1_571' title='bbox 61 2288 106 2321; x_wconf 92' lang='lat' dir='ltr'>ut,</span> <span class='ocrx_word' id='word_1_572' title='bbox 129 2283 156 2313; x_wconf 90' lang='lat' dir='ltr'>si</span> <span class='ocrx_word' id='word_1_573' title='bbox 181 2283 252 2324; x_wconf 87' lang='lat' dir='ltr'>quis</span> <span class='ocrx_word' id='word_1_574' title='bbox 276 2289 362 2324; x_wconf 79' lang='lat' dir='ltr'>petat</span> <span class='ocrx_word' id='word_1_575' title='bbox 382 2283 515 2324; x_wconf 59' lang='lat' dir='ltr'>Lipsiae</span> <span class='ocrx_word' id='word_1_576' title='bbox 537 2285 804 2324; x_wconf 84' lang='lat' dir='ltr'>permutationem</span> <span class='ocrx_word' id='word_1_577' title='bbox 822 2286 1026 2319; x_wconf 73' lang='lat' dir='ltr'>Grossorum</span> 
     </span>
     <span class='ocr_line' id='line_1_62' title="bbox 60 2324 1025 2368; baseline 0.006 -12"><span class='ocrx_word' id='word_1_578' title='bbox 60 2324 320 2366; x_wconf 75' lang='lat' dir='ltr'>Mai-chicorum,</span> <span class='ocrx_word' id='word_1_579' title='bbox 361 2334 391 2356; x_wconf 89' lang='lat' dir='ltr'>et</span> <span class='ocrx_word' id='word_1_580' title='bbox 426 2325 567 2366; x_wconf 75' lang='lat' dir='ltr'>postulet</span> <span class='ocrx_word' id='word_1_581' title='bbox 602 2328 663 2358; x_wconf 78' lang='lat' dir='ltr'>sibi</span> <span class='ocrx_word' id='word_1_582' title='bbox 696 2326 757 2368; x_wconf 82' lang='lat' dir='ltr'>p&#39;ro</span> <span class='ocrx_word' id='word_1_583' title='bbox 790 2329 829 2360; x_wconf 87' lang='lat' dir='ltr'>iis</span> <span class='ocrx_word' id='word_1_584' title='bbox 861 2331 1025 2361; x_wconf 89' lang='lat' dir='ltr'>numerari</span> 
     </span>
     <span class='ocr_line' id='line_1_63' title="bbox 60 2366 2046 2418; baseline 0.006 -20"><span class='ocrx_word' id='word_1_585' title='bbox 60 2366 222 2399; x_wconf 78' lang='lat' dir='ltr'>thaleros:</span> <span class='ocrx_word' id='word_1_586' title='bbox 247 2379 317 2399; x_wconf 78' lang='lat' dir='ltr'>eum</span> <span class='ocrx_word' id='word_1_587' title='bbox 342 2375 471 2409; x_wconf 88' lang='lat' dir='ltr'>oportet</span> <span class='ocrx_word' id='word_1_588' title='bbox 495 2368 626 2400; x_wconf 68' lang='lat' dir='ltr'>solvere</span> <span class='ocrx_word' id='word_1_589' title='bbox 644 2369 820 2412; x_wconf 85' lang='lat' dir='ltr'>collybum‚</span> <span class='ocrx_word' id='word_1_590' title='bbox 842 2378 877 2403; x_wconf 91' lang='lat' dir='ltr'>ut</span> <span class='ocrx_word' id='word_1_591' title='bbox 898 2372 1024 2405; x_wconf 84' lang='lat' dir='ltr'>lucrum</span> <span class='ocrx_word' id='word_1_592' title='bbox 1163 2374 1235 2404; x_wconf 87' lang='lat' dir='ltr'>Non</span> <span class='ocrx_word' id='word_1_593' title='bbox 1268 2375 1417 2415; x_wconf 80' lang='lat' dir='ltr'>peccavit</span> <span class='ocrx_word' id='word_1_594' title='bbox 1451 2374 1602 2406; x_wconf 72' lang='lat' dir='ltr'>Chn&#39;stus</span> <span class='ocrx_word' id='word_1_595' title='bbox 1637 2374 1701 2406; x_wconf 87' lang='lat' dir='ltr'>hoc</span> <span class='ocrx_word' id='word_1_596' title='bbox 1724 2373 1829 2414; x_wconf 83' lang='lat' dir='ltr'>sacto,</span> <span class='ocrx_word' id='word_1_597' title='bbox 1872 2377 1958 2418; x_wconf 83' lang='lat' dir='ltr'>quod</span> <span class='ocrx_word' id='word_1_598' title='bbox 1996 2383 2046 2409; x_wconf 86' lang='lat' dir='ltr'>est</span> 
     </span>
     <span class='ocr_line' id='line_1_64' title="bbox 60 2410 2045 2459; baseline 0.006 -19"><span class='ocrx_word' id='word_1_599' title='bbox 60 2410 135 2441; x_wconf 82' lang='lat' dir='ltr'>inde</span> <span class='ocrx_word' id='word_1_600' title='bbox 147 2410 299 2448; x_wconf 83' lang='lat' dir='ltr'>habeant,</span> <span class='ocrx_word' id='word_1_601' title='bbox 323 2413 375 2453; x_wconf 84' lang='lat' dir='ltr'>qni</span> <span class='ocrx_word' id='word_1_602' title='bbox 396 2413 567 2452; x_wconf 79' lang='lat' dir='ltr'>pecuniam</span> <span class='ocrx_word' id='word_1_603' title='bbox 582 2413 752 2445; x_wconf 84' lang='lat' dir='ltr'>conserunt</span> <span class='ocrx_word' id='word_1_604' title='bbox 765 2414 795 2445; x_wconf 90' lang='lat' dir='ltr'>in</span> <span class='ocrx_word' id='word_1_605' title='bbox 809 2413 884 2446; x_wconf 87' lang='lat' dir='ltr'>illas</span> <span class='ocrx_word' id='word_1_606' title='bbox 896 2426 1023 2448; x_wconf 90' lang='lat' dir='ltr'>usuras.</span> <span class='ocrx_word' id='word_1_607' title='bbox 1050 2432 1051 2436; x_wconf 65' lang='lat'><em>=</em></span> <span class='ocrx_word' id='word_1_608' title='bbox 1076 2418 1256 2448; x_wconf 83' lang='lat' dir='ltr'>secundum</span> <span class='ocrx_word' id='word_1_609' title='bbox 1291 2416 1416 2459; x_wconf 74' lang='lat' dir='ltr'>legem,</span> <span class='ocrx_word' id='word_1_610' title='bbox 1451 2428 1515 2448; x_wconf 92' lang='lat' dir='ltr'>non</span> <span class='ocrx_word' id='word_1_611' title='bbox 1552 2424 1666 2449; x_wconf 85' lang='lat' dir='ltr'>contra</span> <span class='ocrx_word' id='word_1_612' title='bbox 1703 2417 1827 2459; x_wconf 78' lang='lat' dir='ltr'>legcm3</span> <span class='ocrx_word' id='word_1_613' title='bbox 1860 2420 1932 2451; x_wconf 81' lang='lat' dir='ltr'>ideo</span> <span class='ocrx_word' id='word_1_614' title='bbox 1967 2421 2045 2452; x_wconf 89' lang='lat' dir='ltr'>citat</span> 
     </span>
     <span class='ocr_line' id='line_1_65' title="bbox 61 2451 2046 2501; baseline 0.007 -20"><span class='ocrx_word' id='word_1_615' title='bbox 61 2451 136 2490; x_wconf 86' lang='lat' dir='ltr'>Sic,</span> <span class='ocrx_word' id='word_1_616' title='bbox 168 2454 196 2483; x_wconf 83' lang='lat' dir='ltr'>si</span> <span class='ocrx_word' id='word_1_617' title='bbox 226 2455 297 2495; x_wconf 85' lang='lat' dir='ltr'>quis</span> <span class='ocrx_word' id='word_1_618' title='bbox 334 2453 400 2484; x_wconf 75' lang='lat' dir='ltr'>vult</span> <span class='ocrx_word' id='word_1_619' title='bbox 437 2455 559 2485; x_wconf 81' lang='lat' dir='ltr'>habere</span> <span class='ocrx_word' id='word_1_620' title='bbox 598 2462 761 2487; x_wconf 87' lang='lat' dir='ltr'>monetam</span> <span class='ocrx_word' id='word_1_621' title='bbox 795 2467 927 2489; x_wconf 89' lang='lat' dir='ltr'>auream</span> <span class='ocrx_word' id='word_1_622' title='bbox 963 2469 1023 2500; x_wconf 90' lang='lat' dir='ltr'>pro</span> <span class='ocrx_word' id='word_1_623' title='bbox 1076 2459 1291 2501; x_wconf 85' lang='lat' dir='ltr'>Evangelista</span> <span class='ocrx_word' id='word_1_624' title='bbox 1325 2461 1445 2491; x_wconf 89' lang='lat' dir='ltr'>dictum</span> <span class='ocrx_word' id='word_1_625' title='bbox 1469 2471 1508 2491; x_wconf 82' lang='lat' dir='ltr'>ex</span> <span class='ocrx_word' id='word_1_626' title='bbox 1533 2459 1678 2491; x_wconf 82' lang='lat' dir='ltr'>Psalmo:</span> <span class='ocrx_word' id='word_1_627' title='bbox 1715 2463 1808 2493; x_wconf 72' lang='lat' dir='ltr'>Zetus</span> <span class='ocrx_word' id='word_1_628' title='bbox 1834 2463 1944 2494; x_wconf 69' lang='lat' dir='ltr'>(Ionius</span> <span class='ocrx_word' id='word_1_629' title='bbox 1972 2467 2046 2495; x_wconf 76' lang='lat' dir='ltr'>tuae</span> 
     </span>
     <span class='ocr_line' id='line_1_66' title="bbox 60 2495 2044 2546; baseline 0.007 -21"><span class='ocrx_word' id='word_1_630' title='bbox 60 2500 233 2536; x_wconf 76' lang='lat' dir='ltr'>argentea,</span> <span class='ocrx_word' id='word_1_631' title='bbox 268 2495 318 2527; x_wconf 77' lang='lat' dir='ltr'>vel</span> <span class='ocrx_word' id='word_1_632' title='bbox 348 2497 443 2527; x_wconf 67' lang='lat' dir='ltr'>ctiam</span> <span class='ocrx_word' id='word_1_633' title='bbox 478 2504 667 2538; x_wconf 84' lang='lat' dir='ltr'>argenteam</span> <span class='ocrx_word' id='word_1_634' title='bbox 701 2509 761 2541; x_wconf 89' lang='lat' dir='ltr'>pro</span> <span class='ocrx_word' id='word_1_635' title='bbox 798 2510 916 2539; x_wconf 85' lang='lat' dir='ltr'>aurea,</span> <span class='ocrx_word' id='word_1_636' title='bbox 950 2511 1024 2533; x_wconf 88' lang='lat' dir='ltr'>eum</span> <span class='ocrx_word' id='word_1_637' title='bbox 1075 2504 1209 2534; x_wconf 65' lang='lat' dir='ltr'>comedit</span> <span class='ocrx_word' id='word_1_638' title='bbox 1227 2513 1294 2537; x_wconf 86' lang='lat' dir='ltr'>me:</span> <span class='ocrx_word' id='word_1_639' title='bbox 1317 2513 1389 2534; x_wconf 83' lang='lat' dir='ltr'>cum</span> <span class='ocrx_word' id='word_1_640' title='bbox 1404 2502 1555 2534; x_wconf 79' lang='lat' dir='ltr'>Christus</span> <span class='ocrx_word' id='word_1_641' title='bbox 1569 2505 1677 2534; x_wconf 87' lang='lat' dir='ltr'>statim</span> <span class='ocrx_word' id='word_1_642' title='bbox 1700 2504 1731 2535; x_wconf 89' lang='lat' dir='ltr'>iu</span> <span class='ocrx_word' id='word_1_643' title='bbox 1754 2506 1857 2545; x_wconf 88' lang='lat' dir='ltr'>primo</span> <span class='ocrx_word' id='word_1_644' title='bbox 1874 2505 2044 2546; x_wconf 86' lang='lat' dir='ltr'>paschate,</span> 
     </span>
    </p>
   </div>
   <div class='ocr_carea' id='block_1_10' title="bbox 57 2538 2042 2671">
    <p class='ocr_par' dir='ltr' id='par_1_16' title="bbox 57 2538 2042 2671">
     <span class='ocr_line' id='line_1_67' title="bbox 61 2538 2041 2587; baseline 0.006 -19"><span class='ocrx_word' id='word_1_645' title='bbox 61 2542 190 2577; x_wconf 84' lang='lat' dir='ltr'>oportet</span> <span class='ocrx_word' id='word_1_646' title='bbox 212 2538 343 2570; x_wconf 82' lang='lat' dir='ltr'>solvere</span> <span class='ocrx_word' id='word_1_647' title='bbox 367 2538 544 2580; x_wconf 64' lang='lat' dir='ltr'>collybum.</span> <span class='ocrx_word' id='word_1_648' title='bbox 1075 2551 1248 2587; x_wconf 90' lang='lat' dir='ltr'>postquam</span> <span class='ocrx_word' id='word_1_649' title='bbox 1279 2546 1452 2587; x_wconf 78' lang='lat' dir='ltr'>ingressus</span> <span class='ocrx_word' id='word_1_650' title='bbox 1482 2552 1570 2577; x_wconf 72' lang='lat' dir='ltr'>esset</span> <span class='ocrx_word' id='word_1_651' title='bbox 1599 2547 1823 2585; x_wconf 87' lang='lat' dir='ltr'>ministerium,</span> <span class='ocrx_word' id='word_1_652' title='bbox 1847 2548 1930 2580; x_wconf 88' lang='lat' dir='ltr'>idem</span> <span class='ocrx_word' id='word_1_653' title='bbox 1954 2547 2041 2580; x_wconf 83' lang='lat' dir='ltr'>fecit.</span> 
     </span>
     <span class='ocr_line' id='line_1_68' title="bbox 143 2578 2042 2631; baseline 0.007 -21"><span class='ocrx_word' id='word_1_654' title='bbox 143 2578 260 2612; x_wconf 78' lang='lat' dir='ltr'>Exstat</span> <span class='ocrx_word' id='word_1_655' title='bbox 283 2581 347 2612; x_wconf 79' lang='grc'><strong>1100</strong></span> <span class='ocrx_word' id='word_1_656' title='bbox 379 2582 573 2614; x_wconf 72' lang='lat' dir='ltr'>vocabulum</span> <span class='ocrx_word' id='word_1_657' title='bbox 603 2584 635 2614; x_wconf 90' lang='lat' dir='ltr'>in</span> <span class='ocrx_word' id='word_1_658' title='bbox 664 2583 813 2616; x_wconf 87' lang='lat' dir='ltr'>Verrinis</span> <span class='ocrx_word' id='word_1_659' title='bbox 842 2584 1024 2626; x_wconf 89' lang='lat' dir='ltr'>Ciceronis,</span> <span class='ocrx_word' id='word_1_660' title='bbox 1076 2588 1222 2629; x_wconf 86' lang='lat' dir='ltr'>Apparet</span> <span class='ocrx_word' id='word_1_661' title='bbox 1246 2588 1330 2619; x_wconf 87' lang='lat' dir='ltr'>enim</span> <span class='ocrx_word' id='word_1_662' title='bbox 1353 2597 1418 2618; x_wconf 90' lang='lat' dir='ltr'>non</span> <span class='ocrx_word' id='word_1_663' title='bbox 1441 2588 1560 2627; x_wconf 88' lang='lat' dir='ltr'>semel,</span> <span class='ocrx_word' id='word_1_664' title='bbox 1588 2590 1648 2620; x_wconf 73' lang='lat' dir='ltr'>sed</span> <span class='ocrx_word' id='word_1_665' title='bbox 1677 2588 1851 2631; x_wconf 88' lang='lat' dir='ltr'>aliquoties</span> <span class='ocrx_word' id='word_1_666' title='bbox 1875 2590 2042 2624; x_wconf 87' lang='lat' dir='ltr'>Christum</span> 
     </span>
     <span class='ocr_line' id='line_1_69' title="bbox 57 2622 1758 2671; baseline 0.007 -19"><span class='ocrx_word' id='word_1_667' title='bbox 57 2627 91 2652; x_wconf 85' lang='lat' dir='ltr'>et</span> <span class='ocrx_word' id='word_1_668' title='bbox 111 2623 198 2664; x_wconf 82' lang='lat' dir='ltr'>apud</span> <span class='ocrx_word' id='word_1_669' title='bbox 216 2622 329 2656; x_wconf 82' lang='lat' dir='ltr'>lulium</span> <span class='ocrx_word' id='word_1_670' title='bbox 353 2623 530 2656; x_wconf 82' lang='lat' dir='ltr'>Pollucem.</span> <span class='ocrx_word' id='word_1_671' title='bbox 676 2638 677 2641; x_wconf 50' lang='lat'>¹</span> <span class='ocrx_word' id='word_1_672' title='bbox 1076 2640 1094 2662; x_wconf 90' lang='lat' dir='ltr'>e</span> <span class='ocrx_word' id='word_1_673' title='bbox 1116 2629 1239 2671; x_wconf 88' lang='lat' dir='ltr'>templo</span> <span class='ocrx_word' id='word_1_674' title='bbox 1261 2631 1399 2661; x_wconf 76' lang='lat' dir='ltr'>eiecisse</span> <span class='ocrx_word' id='word_1_675' title='bbox 1417 2629 1644 2664; x_wconf 82' lang='lat' dir='ltr'>foeneratores</span> <span class='ocrx_word' id='word_1_676' title='bbox 1664 2633 1758 2664; x_wconf 84' lang='lat' dir='ltr'>istos.</span> 
     </span>
    </p>
   </div>
   <div class='ocr_carea' id='block_1_11' title="bbox 1788 2692 1841 2718">
    <p class='ocr_par' dir='ltr' id='par_1_17' title="bbox 1788 2692 1841 2718">
     <span class='ocr_line' id='line_1_70' title="bbox 1788 2692 1841 2718; baseline -0.019 0"><span class='ocrx_word' id='word_1_677' title='bbox 1788 2692 1841 2718; x_wconf 80' lang='lat'>38·</span> 
     </span>
    </p>
   </div>
  </div>
 </body>
</html>
